@Article{Garrett1990_Erg,
  author  = {Garrett, Andrew},
  title   = {The origin of {NP} split ergativity},
  journal = {Language},
  year    = {1990},
  volume  = {2},
  number  = {66},
  pages   = {261--296},
}

@Article{Anderson2016_Change,
  author  = {Anderson, Stephen R.},
  title   = {Synchronic versus diachronic explanation and the nature of the {Language} {Faculty}},
  journal = {Annual Review of Linguistics},
  year    = {2016},
  volume  = {2},
  number  = {1},
  pages   = {11--31},
  doi     = {10.1146/annurev-linguistics-011415-040735},
}

@InCollection{Anderson2005_Morph,
  author    = {Anderson, Stephen R.},
  title     = {Morphological universals and diachrony},
  booktitle = {Yearbook of {Morphology} 2004},
  publisher = {Springer},
  year      = {2005},
  editor    = {Booij, Geert; Marle, Jaap van},
  series    = {Yearbook of {Morphology}},
  pages     = {1--17},
  address   = {Dordrecht},
  doi       = {10.1007/1-4020-2900-4_1},
}

@Article{Pank2007_Ext,
  author  = {Plank, Frans},
  title   = {Extent and limits of linguistic diversity as the remit of typology – but through constraints on what is diversity limited?},
  journal = {Linguistic Typology},
  year    = {2007},
  volume  = {11},
  number  = {1},
  pages   = {43--68},
  doi     = {10.1515/LINGTY.2007.005},
}

@Article{Cristofaro2012_Cogn,
  author  = {Cristofaro, Sonia},
  title   = {Cognitive explanations, distributional evidence, and diachrony},
  journal = {Studies in Language},
  year    = {2012},
  volume  = {36},
  number  = {3},
  pages   = {645--670},
  doi     = {10.1075/sl.36.3.07cri},
}

@Book{Lehmann1982_Thoughts,
  title     = {Thoughts on grammaticalization},
  publisher = {Language Science Press},
  year      = {1982[2015]},
  author    = {Lehmann, Christian},
  address   = {Berlin},
  edition   = {3rd edn},
}

@Article{Hapselmath2017_Alien,
  author  = {Haspelmath, Martin},
  title   = {Explaining alienability contrasts in adpossessive constructions: {Predictability} vs. iconicity},
  journal = {Zeitschrift für Sprachwissenschaft},
  year    = {2017},
  volume  = {36},
  number  = {2},
  doi     = {10.1515/zfs-2017-0009},
}

@Book{Givon1979_UndGr,
  title     = {On understanding grammar},
  publisher = {Academic Press},
  year      = {1979},
  author    = {Givón, Talmy},
  address   = {New York},
}

@Book{Tomlin1986_Order,
  title     = {Basic word order: {Functional} principles},
  publisher = {Croom Helm},
  year      = {1986},
  author    = {Tomlin, Russell S.},
  address   = {London},
}

@Book{Blevins2004_EvPhon,
  title     = {Evolutionary phonology: {The} emergence of sound patterns},
  publisher = {Cambridge University Press},
  year      = {2004},
  author    = {Blevins, Juliette},
  address   = {Cambridge},
}

@Book{Dik1997_TheoFun2nd,
  title     = {The theory of functional grammar. {Part} 1: {The} structure of the clause},
  publisher = {Mouton de Gruyter},
  year      = {1997},
  author    = {Dik, Simon C.},
  editor    = {Hengeveld, Kees},
  address   = {Berlin; New York},
  edition   = {2nd},
}

@InCollection{Bybee2006_Univ,
  author    = {Bybee, Joan},
  title     = {Language change and universals},
  booktitle = {Linguistic universals},
  publisher = {Cambridge University Press},
  year      = {2006},
  editor    = {Mairal, Ricardo; Gil, Juana},
  pages     = {179--194},
  address   = {Cambridge},
}

@Book{Bybee2010_Cogn,
  title     = {Language, usage and cognition},
  publisher = {Cambridge University Press},
  year      = {2010},
  author    = {Bybee, Joan L.},
  address   = {Cambridge},
}

@Book{Newmeyer1998_Form,
  title     = {Language form and language function},
  publisher = {MIT Press},
  year      = {1998},
  author    = {Newmeyer, Frederick J.},
  address   = {Cambridge, MA},
}

@Article{Keenan1977_Acc,
  author  = {Keenan, Edward L. and Comrie, Bernard},
  title   = {Noun phrase accessibility and universal grammar},
  journal = {Linguistic Inquiry},
  year    = {1977},
  volume  = {8},
  number  = {1},
  pages   = {63--99},
}

@Book{Jackendoff2002_Found,
  title     = {Foundations of language},
  publisher = {Oxford University Press},
  year      = {2002},
  author    = {Jackendoff, Ray S.},
  address   = {Oxford},
}

@Article{Hapselmath1999_Opt,
  author  = {Haspelmath, Martin},
  title   = {Optimality and diachronic adaptation},
  journal = {Zeitschrift für Sprachwissenschaft},
  year    = {1999},
  volume  = {18},
  number  = {2},
  pages   = {180--205},
}

@InCollection{Haspelmath2014_CompSyn,
  author    = {Haspelmath, Martin},
  title     = {Comparative syntax},
  booktitle = {The {Routledge} handbook of syntax},
  publisher = {Routledge},
  year      = {2014},
  editor    = {Carnie, Andrew and Sato, Yosuke and Siddiqi, Dan},
  pages     = {490--508},
  address   = {London},
}

@Book{Foley1984_FunSyn,
  title     = {Functional syntax and universal grammar},
  publisher = {Cambridge University Press},
  year      = {1984},
  author    = {Foley, William A. and Van Valin, Robert D. Jr.},
  address   = {Cambridge},
}

@InCollection{Greenberg1963_Order,
  author    = {Greenberg, Joseph H.},
  title     = {Some universals of grammar with particular reference to the order of meaningful elements},
  booktitle = {Universals of language},
  publisher = {MIT Press},
  year      = {1963},
  editor    = {Greenberg, Joseph H.},
  pages     = {58--90},
  address   = {Cambridge, MA},
}

@Article{Haspelmath1999_Irrev,
  author  = {Haspelmath, Martin},
  title   = {Why is grammaticalization irreversible?},
  journal = {Linguistics},
  year    = {1999},
  volume  = {37},
  number  = {6},
  pages   = {1043--1068},
}

@Book{Bybee1994_TAM,
  title     = {The evolution of grammar: {Tense}, aspect and modality in the languages of the world},
  publisher = {University of Chicago Press},
  year      = {1994},
  author    = {Bybee, Joan L. and Perkins, Revere D. and Pagliuca, William},
  address   = {Chicago},
}

@Book{Cinque1999_Adv,
  title     = {Adverbs and functional heads: {A} cross-linguistic approach},
  publisher = {Oxford University Press},
  year      = {1999},
  author    = {Cinque, Guglielmo},
  address   = {New York},
}

@Book{Chomsky1981_Gov,
  title     = {Lectures on government and binding},
  publisher = {Foris},
  year      = {1981},
  author    = {Chomsky, Noam A.},
  address   = {Dordrecht},
}

@Book{Stassen1985_Compar,
  title     = {Comparison and universal grammar},
  publisher = {Blackwell},
  year      = {1985},
  author    = {Stassen, Leon},
  address   = {Oxford; New York},
}

@Book{Hawkins2014_VarEff,
  title     = {Cross-linguistic variation and efficiency},
  publisher = {Oxford University Press},
  year      = {2014},
  author    = {Hawkins, John A},
  address   = {New York},
}

@Article{Bickel2007_Typ21,
  author  = {Bickel, Balthasar},
  title   = {Typology in the 21st century: {Major} current developments},
  journal = {Linguistic Typology},
  year    = {2007},
  volume  = {11},
  number  = {1},
  pages   = {239--251},
}

@InCollection{Kisparsky2008_Change,
  author    = {Kiparsky, Paul},
  title     = {Universals constrain change; change results in typological generalizations},
  booktitle = {Linguistic universals and language change},
  publisher = {Oxford University Press},
  year      = {2008},
  editor    = {Good, Jeff},
  pages     = {23--53},
  address   = {Oxford},
}

@InCollection{Greenberg1978_Diachr,
  author    = {Greenberg, Joseph H.},
  title     = {Diachrony, synchrony and language universals},
  booktitle = {Universals of human language {I}: {Method} and theory},
  publisher = {Stanford University Press},
  year      = {1978},
  editor    = {Greenberg, Joseph H. and Ferguson, Charles A. and Moravcsik, Edith A.},
  pages     = {61--92},
  address   = {Stanford},
}

@Book{Heine1991_Gram,
  title      = {Grammaticalization: {A} conceptual framework},
  publisher  = {University of Chicago Press},
  year       = {1991},
  author     = {Heine, Bernd and Claudi, Ulrike and Hünnemeyer, Friederike},
  address    = {Chicago},
  shorttitle = {Grammaticalization},
}

@InCollection{Bybee1988_Diachr,
  author    = {Bybee, Joan L.},
  title     = {The diachronic dimension in explanation},
  booktitle = {Explaining language universals},
  publisher = {Blackwell},
  year      = {1988},
  editor    = {Hawkins, John A.},
  pages     = {350--379},
  address   = {Oxford},
}

@InCollection{Haspelmath2004_Direction,
  author    = {Haspelmath, Martin},
  title     = {On directionality in language change with particular reference to grammaticalization},
  booktitle = {Up and down the cline: {The} nature of grammaticalization},
  publisher = {John Benjamins},
  year      = {2004},
  editor    = {Fischer, Olga and Norde, Muriel and Perridon, Harry},
  pages     = {17--44},
  address   = {Amsterdam; Philadelphia},
}

@InCollection{Cristofaro2013_Ref,
  author    = {Cristofaro, Sonia},
  title     = {The referential hierarchy: {Reviewing} the evidence in diachronic perspective},
  booktitle = {Languages across boundaries: {Studies} in memory of {Anna} {Siewierska}},
  publisher = {De Gruyter Mouton},
  year      = {2013},
  editor    = {Bakker, Dik and Haspelmath, Martin},
  pages     = {69--93},
  address   = {Berlin},
}

@Book{Zipf1935_Psych,
  title     = {The psycho-biology of language: {An} introduction to dynamic philology},
  publisher = {MIT Press},
  year      = {1935},
  author    = {Zipf, George K.},
  address   = {Cambridge, MA},
}

@Article{Aristar1991_Diachr,
  author  = {Aristar, Anthony R.},
  title   = {On diachronic sources and synchronic pattern: {An} investigation into the origin of linguistic universals},
  journal = {Language},
  year    = {1991},
  volume  = {67},
  number  = {1},
  pages   = {1--33},
}

@Book{Croft1991_Cat,
  title     = {Syntactic categories and grammatical relations: {The} cognitive organization of information},
  publisher = {University of Chicago Press},
  year      = {1991},
  author    = {Croft, William},
  address   = {Chicago},
}

@InCollection{Haspelmath2008_Parametr,
  author    = {Haspelmath, Martin},
  title     = {Parametric versus functional explanations of syntactic universals},
  booktitle = {The limits of syntactic variation},
  publisher = {John Benjamins},
  year      = {2008},
  editor    = {Biberauer, Theresa},
  pages     = {75--107},
  address   = {Amsterdam; Philadelphia},
}

@Book{Sapir1921_Lg,
  title     = {Language: {An} introduction to the study of speech},
  publisher = {Harcourt Brace},
  year      = {1921},
  author    = {Sapir, Edward},
  address   = {New York},
}

@InCollection{Anderson1977_Erg,
  author    = {Anderson, Stephen R.},
  title     = {On mechanisms by which languages become ergative},
  booktitle = {Mechanisms of syntactic change},
  publisher = {University of Texas Press},
  year      = {1977},
  editor    = {Li, Charles N.},
  pages     = {317--332},
  address   = {Austin},
}

@InCollection{Bybee2003_Mecanismos,
  author    = {Bybee, Joan L.},
  title     = {Los mecanismos de cambio como universales lingüísticos},
  booktitle = {Entorno a los universales lingüísticos},
  publisher = {Cambridge University Press},
  year      = {2003},
  editor    = {Mairal, Ricardo and Gil, Juana},
  pages     = {245--263},
  address   = {Cambridge},
}

@InCollection{Cristofaro2017_Dep,
  author    = {Cristofaro, Sonia},
  title     = {Implicational universals and dependencies},
  booktitle = {Dependencies in language: {On} the causal ontology of linguistic systems},
  publisher = {Language Science Press},
  year      = {2017},
  editor    = {Enfield, Nick J.},
  pages     = {9--22},
  address   = {Berlin},
}

@InCollection{Ronne2014_Trans,
  author    = {Ronneberger-Sibold, Elke},
  title     = {Tuning morphosemantic transparency by shortening},
  booktitle = {Morphology and meaning: {Selected} papers from the 15th {International} {Morphology} {Meeting}, {Vienna}, {February} 2012},
  publisher = {John Benjamins},
  year      = {2014},
  editor    = {Rainer, Franz and Gardani, Francesco and Luschützky, Hans Christian and Dressler, Wolfgang U.},
  pages     = {275--287},
  address   = {Amsterdam, Philadelphia},
}

@Article{Creissels2008_Expl,
  author  = {Creissels, Denis},
  title   = {Direct and indirect explanations of typological regularities: {The} case of alignment variations},
  journal = {Folia Linguistica},
  year    = {2008},
  volume  = {42},
  number  = {1},
  pages   = {1--38},
}

@Article{Vafaeian2013_Supp,
  author  = {Vafaeian, Ghazaleh},
  title   = {Typology of nominal and adjectival suppletion},
  journal = {Sprachtypologie und Universalienforschung},
  year    = {2013},
  volume  = {66},
  number  = {2},
  pages   = {112--140},
}

@Article{Henrich2012_Monog,
  author  = {Henrich, Joseph and Boyd, Robert and Richerson, Peter J.},
  title   = {The puzzle of monogamous marriage},
  journal = {Phil. Trans. R. Soc. B},
  year    = {2012},
  volume  = {367},
  number  = {1589},
  pages   = {657--669},
  doi     = {10.1098/rstb.2011.0290},
}

@InCollection{Bybee2008_StructPres,
  author     = {Bybee, Joan L.},
  title      = {Formal universals as emergent phenomena: {The} origins of structure preservation},
  booktitle  = {Linguistic universals and language change},
  publisher  = {Oxford University Press},
  year       = {2008},
  editor     = {Good, Jeff},
  pages      = {108--121},
  address    = {Oxford},
  shorttitle = {Formal universals as emergent phenomena},
}

@InCollection{Greenberg1969_Methods,
  author    = {Greenberg, Joseph H.},
  title     = {Some methods of dynamic comparison in linguistics},
  booktitle = {Substance and structure of language},
  publisher = {University of California Press},
  year      = {1969},
  editor    = {Puhvel, Jan},
  pages     = {147--203},
  address   = {Berkeley},
}

@Article{Haspelmath2008_FreqIcon,
  author  = {Haspelmath, Martin},
  title   = {Frequency vs. iconicity in explaining grammatical asymmetries},
  journal = {Cognitive Linguistics},
  year    = {2008},
  volume  = {19},
  number  = {1},
  pages   = {1--33},
  doi     = {10.1515/COG.2008.001},
}

@InCollection{Cristofrao2014_Compet,
  author    = {Cristofaro, Sonia},
  title     = {Competing motivation models and diachrony: {What} evidence for what motivations?},
  booktitle = {Competing motivations in grammar and usage},
  publisher = {Oxford University Press},
  year      = {2014},
  editor    = {MacWhinney, Brian and Malchukov, Andrej L. and Moravcsik, Edith A.},
  pages     = {282--298},
  address   = {Oxford},
}

@Article{Gildea2016_Ref,
  author  = {Gildea, Spike and Zúñiga, Fernando},
  title   = {Referential hierarchies: {A} new look at some historical and typological patterns},
  journal = {Linguistics},
  year    = {2016},
  volume  = {54},
  number  = {3},
  pages   = {483--529},
  doi     = {10.1515/ling-2016-0007},
}

@InCollection{Good2008_Intro,
  author    = {Good, Jeff},
  title     = {Introduction},
  booktitle = {Linguistic universals and language change},
  publisher = {Oxford University Press},
  year      = {2008},
  editor    = {Good, Jeff},
  pages     = {1--19},
  address   = {Oxford},
}

@Book{Yu2007_Inf,
  title     = {A natural history of infixation},
  publisher = {Oxford University Press},
  year      = {2007},
  author    = {Yu, Alan C. L.},
  address   = {Oxford},
}

@Article{Smith2018_Suppl,
  author  = {Smith, Peter W. and Moskal, Beata and Xu, Ting and Kang, Jungmin and Bobaljik, Jonathan},
  title   = {Case and number suppletion in pronouns},
  journal = {Natural Language \& Linguistic Theory},
  year    = {2018},
  comment = {This is an 'online-first' version - no issue number and page numbers have been assigned yet},
  doi     = {10.1007/s11049-018-9425-0},
}

@Book{DeBoer2001_Vowels,
  title     = {The origins of vowel systems},
  publisher = {Oxford University Press},
  year      = {2001},
  author    = {{De Boer}, Bart},
  address   = {Oxford},
}

@Book{Schlegel1808_Spr,
  title     = {Ueber die {Sprache} und {Weisheit} der {Indier}: {Ein} {Beitrag} zur {Begründung} der {Alterthumskunde}},
  publisher = {Mohr und Zimmer},
  year      = {1808},
  author    = {{von Schlegel}, Friedrich},
  address   = {Heidelberg},
}

@Book{Schleicher1850_Eur,
  title     = {Die {Sprachen} {Europas} in systematischer {Uebersicht}},
  publisher = {H. B. König},
  year      = {1850},
  author    = {Schleicher, August},
  address   = {Bonn},
  language  = {German},
}

@Article{Blevins2006_EvPhon,
  author  = {Blevins, Juliette},
  title   = {A theoretical synopsis of {Evolutionary} {Phonology}},
  journal = {Theoretical Linguistics},
  year    = {2006},
  volume  = {32},
  number  = {2},
  pages   = {117--166},
}

@Article{Creissels2014_Functive,
  author  = {Creissels, Denis},
  title   = {Functive phrases in typological and diachronic perspective},
  journal = {Studies in Language},
  year    = {2014},
  volume  = {38},
  number  = {3},
  pages   = {605--647},
  doi     = {10.1075/sl.38.3.07cre},
}

@Book{Dressler1987_Leitmot,
  title     = {Leitmotifs in natural morphology},
  publisher = {John Benjamins},
  year      = {1987},
  author    = {Dressler, Wolfgang U. and Mayerthaler, Willi and Panagl, Oswalt and Wurzel, Wolfgang U.},
  address   = {Amsterdam, Philadelphia},
}

@Book{Dixon1994_Erg,
  title     = {Ergativity},
  publisher = {Cambridge University Press},
  year      = {1994},
  author    = {Dixon, R.M.W.},
  address   = {Cambridge},
}

@Article{Dryer1992_Greenb,
  author  = {Dryer, Matthew S.},
  title   = {The {Greenbergian} word order correlations},
  journal = {Language},
  year    = {1992},
  volume  = {68},
  number  = {1},
  pages   = {81--138},
}

@Article{Tversky1974_Judg,
  author  = {Tversky, Amos and Kahneman, Daniel},
  title   = {Judgment under uncertainty: {Heuristics} and biases},
  journal = {Science},
  year    = {1974},
  volume  = {185},
  pages   = {1124--1131},
}

@InCollection{Paciotti2011_Relig,
  author    = {Paciotti, Brian and Waring, Tim and Lubell, Mark and Baum, Billy and McElreath, Richard and Edsten, Ed and Efferson, Charles and Richerson, Peter J.},
  title     = {Are religious individuals more generous, trusting, and cooperative? {An} experimental test of the effect of religion on prosociality},
  booktitle = {The economics of religion: {Anthropological} approaches},
  publisher = {Emerald Group Publishing Limited},
  year      = {2011},
  editor    = {Obadia, Lionel and Wood, Donald C.},
  pages     = {267--305},
  address   = {Bardford},
  doi       = {10.1108/S0190-1281(2011)0000031014},
}

@Book{Aitchison2013_Change,
  title     = {Language change: Progress or decay?},
  publisher = {Cambridge University Press},
  year      = {2013},
  author    = {Aitchison, Jean},
  address   = {Cambridge},
  edition   = {4th},
}

@Book{Andersen2001_Actual,
  title     = {Actualization: {Linguistic} change in progress},
  publisher = {John Benjamins},
  year      = {2001},
  editor    = {Andersen, Henning},
  address   = {Amsterdam; Philadelphia},
}

@Article{Auer2009_Online,
  author  = {Auer, Peter},
  title   = {On-line syntax: {Thoughts} on the temporality of spoken language},
  journal = {Language Sciences},
  year    = {2009},
  volume  = {31},
  pages   = {1--13},
}

@InCollection{Bates1989_CompMod,
  author    = {Bates, Elizabeth; MacWhinney, Brian},
  title     = {Functionalism and the competition model},
  booktitle = {The cross-linguistic study of sentence processing},
  publisher = {Cambridge University Press},
  year      = {1989},
  editor    = {MacWhinney, Brian; Bates, Elizabeth},
  pages     = {3-73},
  address   = {New York},
}

@Article{Bickel2011_Modelling,
  author  = {Bickel, Balthasar},
  title   = {Statistical modeling of language universals},
  journal = {Linguistic Typology},
  year    = {2011},
  volume  = {15},
  pages   = {401--413},
}

@InCollection{Bickel2013_Fam,
  author    = {Bickel, Balthasar},
  title     = {Distributional biases in language families},
  booktitle = {Language typology and historical contingency},
  publisher = {John Benjamins},
  year      = {2013},
  editor    = {Bickel, Balthasar; Genoble, Lenore A.; Peterson, David A.; Timberlake, Alan},
  pages     = {415--444},
  address   = {Amsterdam; Philadelphia},
}

@Book{Blevins2009_Anlg,
  title     = {Analogy in grammar: {Form} and acquisition},
  publisher = {Oxford University Press},
  year      = {2009},
  editor    = {Blevins, James P.; Blevins, Juliette},
  address   = {Oxford},
}

@Article{Blythe2012_Scurves,
  author  = {Blythe, Richard A.; Croft, William},
  title   = {S-curves and the mechanisms of propagation in language change},
  journal = {Language},
  year    = {2012},
  volume  = {88},
  number  = {2},
  pages   = {269--304},
}

@InProceedings{Bresnan2001_SoftConstr,
  author    = {Bresnan, Joan; Dingare, Shipra; Manning, Christopher D.},
  title     = {Soft constraints mirror hard constraints: {Voice} and person in English and Lummi},
  booktitle = {Proceedings of the LFG01 Conference},
  year      = {2001},
  note      = {accessed 13 March 2016},
  url       = {<http://cslipublications.stanford.edu/ LFG/6/lfg01-toc.html>},
}

@Book{Broadwell2006_Choct,
  title     = {A {Choctaw} reference grammar},
  publisher = {University of Nebraska Press},
  year      = {2006},
  author    = {Broadwell, George Aaron},
  address   = {Lincoln; London},
}

@Book{Bybee1985_Morph,
  title     = {Morphology: {A} study of the relation between meaning and form},
  publisher = {John Benjamins},
  year      = {1985},
  author    = {Bybee, Joan L.},
  address   = {Amsterdam; Philadelphia},
}

@InCollection{Bybee2015_Emerge,
  author    = {Bybee, Joan L.; Beckner, Clay},
  title     = {Emergence at the cross-linguistic level: {A}ttractor dynamics in language change},
  booktitle = {The handbook of language emergence},
  publisher = {Blackwell},
  year      = {2015},
  editor    = {MacWhinney, Brian; O'Grady, William},
  pages     = {183--200},
  address   = {Oxford},
}

@InCollection{Carlier2014_Part,
  author    = {Carlier, Anne; Lamiroy, Béatrice},
  title     = {The grammaticalization of the prepositional partitive in {Romance}},
  booktitle = {Partitives and related categories},
  publisher = {Mouton de Gruyter},
  year      = {2014},
  editor    = {Luraghi, Silvia; Huumo, Tuomas},
  pages     = {477--519},
  address   = {Berlin},
}

@InCollection{Creissels2018_OblCod,
  author    = {Creissels, Denis},
  title     = {The {Obligatory} {Coding} {Principle} in diachronic perspective},
  booktitle = {Typological hierarchies in diachrony and diachrony},
  publisher = {John Benjamins},
  year      = {2018},
  editor    = {Cristofaro, Sonia; Zúñiga, Fernando},
  pages     = {59--109},
  address   = {Amsterdam; Philadelphia},
}

@Book{Croft2000_Change,
  title     = {Explaining language change: {An} evolutionary approach},
  publisher = {Harlow},
  year      = {2000},
  author    = {Croft, William},
  address   = {London},
}

@Book{Croft2001_RadCon,
  title     = {{Radica}l {Construction} {Grammar}: {Syntactic} theory in typological perspective},
  publisher = {Oxford University Press},
  year      = {2001},
  author    = {Croft, William},
  address   = {Oxford},
}

@Book{Croft2003_Typ,
  title     = {Typology and universals},
  publisher = {Cambridge University Press},
  year      = {2003},
  author    = {Croft, William},
  address   = {Cambridge},
  edition   = {2nd},
}

@Article{Culbertson2012_Learn,
  author  = {Culbertson, Jennifer; Smolensky, Paul; Legendre, Géraldine},
  title   = {Learning biases predict a word order universal},
  journal = {Cognition},
  year    = {2012},
  volume  = {122},
  number  = {3},
  pages   = {306--329de},
  doi     = {10.1016/j.cognition.2011.10.017},
}

@Article{Cysouw2010a_NP,
  author  = {Cysouw, Michael},
  title   = {Dealing with diversity: {Towards} an explanation of NP-internal word order frequencies},
  journal = {Linguistic Typology},
  year    = {2010},
  volume  = {14},
  number  = {2--3},
  pages   = {253--286},
}

@Book{Dalrymple2011_Obj,
  title     = {Objects and information structure},
  publisher = {Cambridge University Press},
  year      = {2011},
  author    = {Dalrymple, Mary; Nikolaeva, Irina},
  address   = {Cambridge},
}

@Article{DeSmet2012_Act,
  author  = {{De Smet}, Hendrik},
  title   = {The course of actualization},
  journal = {Language},
  year    = {2012},
  volume  = {88},
  number  = {3},
  pages   = {601--633},
  doi     = {10.1353/lan.2012.0056},
}

@Article{Diessel2011_Review,
  author  = {Diessel, Holger},
  title   = {Review article of {Language}, usage and cognition by {Joan L. Bybee}},
  journal = {Language},
  year    = {2011},
  volume  = {87},
  number  = {4},
  pages   = {830--844},
}

@Misc{Diessel2016_Corr,
  author       = {Diessel, Holger},
  title        = {Word order correlations: Grammaticalization, nominalization, and analogy},
  howpublished = {Paper presented at the {Workshop} on {Mechanisms} of {Grammatical} {Change}, {Wissenschaftskolleg} zu {Berlin}},
  month        = {3 June},
  year         = {2016},
}

@InCollection{Dryer2005_Def,
  author    = {Dryer, Matthew S.},
  title     = {Definite articles},
  booktitle = {The world atlas of language structures},
  publisher = {Oxford University Press},
  year      = {2005},
  editor    = {Haspelmath, Martin; Dryer, Matthew S.; Gil, David; Comrie, Bernard},
  pages     = {154--157},
  address   = {Oxford},
}

@InCollection{Dryer2009_Corr,
  author    = {Dryer, Matthew S.},
  title     = {The branching direction theory of word order correlations revisited},
  booktitle = {Universals of language today},
  publisher = {Springer},
  year      = {2009},
  editor    = {Scalise, Sergio; Magni, Elisabetta; Bisetto, Antonietta},
  pages     = {185--208},
  address   = {Dordrecht},
}

@InCollection{Dryer2013_Def,
  author    = {Dryer, Matthew S.},
  title     = {Definite articles},
  booktitle = {The world atlas of language structures online},
  publisher = {Max Planck Institute for Evolutionary Anthropology},
  year      = {2013},
  editor    = {Dryer, Matthew S.; Haspelmath, Martin},
  address   = {Leipzig},
  note      = {accessed 12 December 2016},
  url       = {<http://wals.info/chapter/37>},
}

@Article{Dunn2011_Corr,
  author  = {Dunn, Michael; Greenhill, Simon J.; Levinson, Stephen C.; Gray, Russell D.},
  title   = {Evolved structure of language shows lineage-specific trends in word-order universals},
  journal = {Nature},
  year    = {2011},
  volume  = {473},
  pages   = {79--82},
}

@Book{Fischer2010_WOChange,
  title     = {Word-order change as a source of grammaticalisation},
  publisher = {John Benjamins},
  year      = {2010},
  author    = {Fischer, Susann},
  address   = {Amsterdam; Philadelphia},
}

@Article{Fox2007_RC,
  author  = {Fox, Barbara A.; Thompson, Sandra A.},
  title   = {Relative clauses in {English} conversation: {Relativizers}, frequency, and the notion of construction},
  journal = {Studies in Language},
  year    = {2007},
  volume  = {31},
  number  = {2},
  pages   = {293--326},
}

@Article{Gahl2004_GrUse,
  author  = {Gahl, Susanne; Garnsey, Susan M.},
  title   = {Knowledge of grammar, knowledge of usage: {Syntactic} probabilities affect pronunciation variation},
  journal = {Language},
  year    = {2004},
  volume  = {80},
  number  = {4},
  pages   = {748--775},
}

@InCollection{Gentner2012_Analog,
  author    = {Gentner, Dedre; Smith, Linda},
  title     = {Analogical reasoning},
  booktitle = {Encyclopedia of human behavior},
  publisher = {Elsevier},
  year      = {2012},
  editor    = {Ramachandran, Vilayanur S.},
  pages     = {130--136},
  address   = {Oxford},
  edition   = {2nd},
}

@Article{Haiman1983_Icon,
  author  = {Haiman, John},
  title   = {Iconic and economic motivation},
  journal = {Language},
  year    = {1983},
  volume  = {59},
  number  = {4},
  pages   = {781--819},
}

@Article{Haspelmath1999_Change,
  author  = {Haspelmath, Martin},
  title   = {Are there principles of grammatical change?},
  journal = {Journal of Linguistics},
  year    = {1999},
  volume  = {35},
  number  = {3},
  pages   = {579--595},
}

@InCollection{Haspelmath2008_Econ,
  author    = {Haspelmath, Martin},
  title     = {Creating economical morphosyntactic patterns in language change},
  booktitle = {Language universals and language change},
  publisher = {Oxford University Press},
  year      = {2008},
  editor    = {Good, Jeff},
  pages     = {185--214},
  address   = {Oxford},
}

@Article{Haspelmath2011_Word,
  author  = {Haspelmath, Martin},
  title   = {The indeterminacy of word segmentation and the nature of morphology and syntax},
  journal = {Folia Linguistica},
  year    = {2011},
  volume  = {45},
  number  = {1},
  pages   = {31--80},
}

@Book{Haspelmath2005_WALS,
  title     = {The world atlas of language structures},
  publisher = {Oxford University Press},
  year      = {2005},
  editor    = {Haspelmath, Martin; Dryer, Matthew S.; Gil, David; Comrie, Bernard},
  address   = {Oxford},
}

@Book{Hawkins1986_EngGer,
  title     = {A comparative typology of {English} and {German}: {Unifying} the contrasts},
  publisher = {Croom Helm},
  year      = {1986},
  author    = {Hawkins, John A.},
  address   = {London; Sydney},
}

@Book{Hawkins1994_Perf,
  title     = {A performance theory of order and constituency},
  publisher = {Cambridge University Press},
  year      = {1994},
  author    = {Hawkins, John A.},
  address   = {Cambridge},
}

@Book{Hawkins2004_Eff,
  title     = {Efficiency and complexity in grammars},
  publisher = {Oxford University Press},
  year      = {2004},
  author    = {Hawkins, John A.},
  address   = {Oxford},
}

@Article{Hawkins2007_Proc,
  author  = {Hawkins, John A.},
  title   = {Processing typology and why psychologists need to know about it},
  journal = {New Ideas in Psychology},
  year    = {2007},
  volume  = {25},
  pages   = {87--107},
}

@InCollection{Hawkins2012_Hist,
  author    = {Hawkins, John A.},
  title     = {The drift of {English} towards invariable word order from a typological and {Germanic} perspective},
  booktitle = {The {Oxfor}d handbook of the history of {English}},
  publisher = {Oxford University Press},
  year      = {2012},
  editor    = {Nevalainen, Terttu; Traugott, Elizabeth C.},
  pages     = {622--632},
  address   = {Oxford},
}

@Book{Hewson2006:Adp,
  title     = {From case to adposition: {The} development of configurational syntax in {Indo-European} languages},
  publisher = {John Benjamins},
  year      = {2006},
  author    = {Hewson, John; Bubenik, Vit},
  address   = {Amsterdam; Philadelphia},
}

@Article{Jaeger2010_Red,
  author  = {Jaeger, T. Florian},
  title   = {Redundancy and reduction: {How} speakers manage syntactic information density},
  journal = {Cognitive Psychology},
  year    = {2010},
  volume  = {61},
  number  = {1},
  pages   = {23--62},
}

@Article{Jaeger2011_Mixed,
  author  = {Jaeger, T. Florian; Graff, Peter; Croft, William; Pontillo, Daniel},
  title   = {Mixed effect models for genetic and areal dependencies in linguistic typology},
  journal = {Linguistic Typology},
  year    = {2011},
  volume  = {15},
  number  = {2},
  pages   = {281--320},
}

@Book{Keller1994_Invis,
  title     = {Language change: {The} invisible hand in language},
  publisher = {Routledge},
  year      = {1994},
  author    = {Keller, Rudi},
  address   = {London},
}

@InCollection{Kemmer2000_Intro,
  author    = {Kemmer, Suzanne; Barlow, Michael},
  title     = {Introduction: {A} usage-based conception of language},
  booktitle = {Usage-based models of language},
  publisher = {Center for the Study of Language and Information},
  year      = {2000},
  editor    = {Barlow, Michael; Kemmer, Suzanne},
  pages     = {vii�xxviii},
  address   = {Stanford, CA},
}

@Article{Kurumada2015_Jap,
  author  = {Kurumada, Chigusa; Jaeger, T. Florian},
  title   = {Communicative efficiency in language production: {Optional} case-marking in Japanese},
  journal = {Journal of Memory and Language},
  year    = {2015},
  volume  = {83},
  pages   = {152--178},
}

@InProceedings{Kurumada2017_Pl,
  author    = {Kurumada, Chigusa; Grimm, Scott},
  title     = {Communicative efficiency in language production and learning: {Optional} plural marking},
  booktitle = {Proceedings of the 39th {Annual} {Meeting} of the {Cognitive} {Science} {Society}},
  year      = {2017},
  pages     = {2500--2506},
  note      = {accessed 3 July 2017},
  url       = {http://www.sas.rochester.edu/lin/sgrimm/publications/Kurumada Grimm2017.pdf},
}

@Book{Langacker1987_Found,
  title     = {Foundations of {Cognitive} {Grammar}. {Vol.} {I}: {Theoretical} prerequisites},
  publisher = {Stanford University Press},
  year      = {1987},
  author    = {Langacker, Ronald W.},
  address   = {Stanford},
}

@Book{Leiss2000_Asp,
  title     = {Artikel und {Aspekt}: {Die} grammatischen {Muster} von {Definitheit}},
  publisher = {Mouton de Gruyter},
  year      = {2000},
  author    = {Leiss, Elisabeth},
  address   = {Berlin},
}

@InCollection{Leiss2007_Def,
  author    = {Leiss, Elisabeth},
  title     = {Covert patterns of definiteness/indefiniteness and aspectuality in {Old} {Icelandic}, {Gothic}, and {Old} {High} {German}},
  booktitle = {Nominal determination: {Typology}, context constraints and historical emergence},
  publisher = {John Benjamins},
  year      = {2007},
  editor    = {Stark, Elisabeth; Leiss, Elisabeth Leiss; Abraham, Werner},
  pages     = {73--102},
  address   = {Amsterdam; Philadelphia},
}

@Article{Levy2008_Exp,
  author  = {Levy, Roger},
  title   = {Expectation-based syntactic comprehension},
  journal = {Cognition},
  year    = {2008},
  volume  = {106},
  pages   = {1126--1177},
}

@Article{Luedtke1991_Art,
  author  = {Lüdtke, Helmut},
  title   = {{Überlegungen} zur {Entstehung} des bestimmten {Artikels} im {Romanischen}},
  journal = {Linguistica},
  year    = {1991},
  volume  = {31},
  pages   = {81--97},
}

@InCollection{McCollMillar2000_Def,
  author    = {McColl Millar, Robert},
  title     = {Some suggestions for explaining the origin and development of the definite article in {English}},
  booktitle = {Pathways of change: {Grammaticalization} in English},
  publisher = {John Benjamins},
  year      = {2000},
  editor    = {Fischer, Olga; Rosenbach, Anette; Stein, Dieter},
  pages     = {275--310},
  address   = {Amsterdam; Philadelphia},
}

@Book{Nettle1999_Div,
  title     = {Linguistic diversity},
  publisher = {Oxford University Press},
  year      = {1999},
  author    = {Nettle, Daniel},
  address   = {Oxford},
}

@Article{Norcliffe2016_Yuc,
  author  = {Norcliffe, Elizabeth; Jaeger, T. Florian},
  title   = {Predicting head-marking variability in {Yucatec} {Maya} relative clause production},
  journal = {Language and Cognition},
  year    = {2016},
  volume  = {8},
  pages   = {167--205},
  doi     = {10.1017/langcog.2014.39},
}

@Article{Ogura1993_do,
  author  = {Ogura, Mieko},
  title   = {The development of periphrastic \textit{do} in {English}: {A} case of lexical diffusion in syntax},
  journal = {Diachronica},
  year    = {1993},
  volume  = {X},
  pages   = {51--85},
}

@InCollection{Rosenbach2008_Change,
  author    = {Rosenbach, Anette},
  title     = {Language change as cultural evolution: {Evolutionary} approaches to language change},
  booktitle = {Variation, selection, development: {Probing} the evolutionary model of language change},
  publisher = {Mouton de Gruyter},
  year      = {2008},
  editor    = {Eckardt, Regine; Jäger, Gerhard; Veenstra, Tonjes},
  pages     = {23--74},
  address   = {Berlin; New York},
}

@Book{RTeam2016_R,
  title     = {{R}: {A} language and environment for statistical computing},
  publisher = {{R} Foundation for Statistical Computing},
  year      = {2016},
  author    = {{R} Development Core Team},
  address   = {Vienna},
  url       = {http://www.r-project.org},
}

@InCollection{Ross2001_Contact,
  author    = {Ross, Malcolm},
  title     = {Contact-induced change in {Oceanic} languages in {North-West} {Melanesia}},
  booktitle = {Areal diffusion and genetic inheritance},
  publisher = {Oxford University Press},
  year      = {2001},
  editor    = {Aikhenvald, Alexandra Y.; Dixon, R. M. W.},
  pages     = {134--166},
  address   = {Oxford},
}

@InCollection{Smith2001_Act,
  author    = {Smith, John Charles},
  title     = {Markedness, functionality and perseveration in the actualization of a morphosyntactic change},
  booktitle = {Actualization: {Linguistic} change in progress},
  publisher = {John Benjamins},
  year      = {2001},
  editor    = {Andersen, Henning},
  pages     = {203--224},
  address   = {Amsterdam; Philadelphia},
}

@InCollection{Seiler2006_Func,
  author    = {Seiler, Guido},
  title     = {The role of functional factors in language change: {An} evolutionary approach},
  booktitle = {Competing models of linguistic change, evolution and beyond},
  publisher = {John Benjamins},
  year      = {2006},
  editor    = {Nedergaard Thomsen, Ole},
  pages     = {163--182},
  address   = {Amsterdam; Philadelphia},
}

@Book{Selig1992_LatDet,
  title     = {Die {Entwicklung} der {Nominaldeterminanten} im {Spätlatein}: {Romanischer} {Sprachwandel} und lateinische {Schriftlichkeit}},
  publisher = {Narr},
  year      = {1992},
  author    = {Selig, Maria},
  address   = {Tübingen},
}

@Article{Sinnemaeki2014_DOM,
  author  = {Sinnemäki, Kaius},
  title   = {A typological perspective on {Differential} {Object} {Marking}},
  journal = {Linguistics},
  year    = {2014},
  volume  = {52},
  number  = {2},
  pages   = {281--313},
}

@InCollection{Timberlake1977_Act,
  author    = {Timberlake, Alan},
  title     = {Reanalysis and actualization in syntactic change},
  booktitle = {Mechanisms of syntactic change},
  publisher = {University of Texas Press},
  year      = {1977},
  editor    = {Li, Charles N.},
  pages     = {141--177},
  address   = {Austin},
}

@Book{Trudgill2004_Dial,
  title     = {New-dialect formation: {The} inevitability of colonial {Englishes}},
  publisher = {Edinburgh University Press},
  year      = {2004},
  author    = {Trudgill, Peter},
  address   = {Edinburgh},
}

@Book{Gelderen2014_Hist,
  title     = {A history of the {English} language},
  publisher = {John Benjamins},
  year      = {2014},
  author    = {{van Gelderen}, Elly},
  address   = {Amsterdam; Philadelphia},
}

@InCollection{Vennemann1975_Drift,
  author    = {Vennemann, Theo},
  title     = {An explanation of drift},
  booktitle = {Word order and word order change},
  publisher = {University of Texas Press},
  year      = {1975},
  editor    = {Li, Charles},
  pages     = {269--305},
  address   = {Austin},
}

@Article{Wang1969_Diff,
  author  = {Wang, William S-Y.},
  title   = {Competing changes as a cause of residue},
  journal = {Language},
  year    = {1969},
  volume  = {45},
  number  = {1},
  pages   = {9--25},
}

@InCollection{Wasow2011_Rel,
  author    = {Wasow, Thomas; Jaeger, T. Florian; Orr, David M.},
  title     = {Lexical variation in relativizer frequency},
  booktitle = {Expecting the unexpected: {Exceptions} in grammar},
  publisher = {Mouton de Gruyter},
  year      = {2011},
  editor    = {Simon, Horst J.; Wiese, Heike},
  pages     = {175--195},
  address   = {Berlin; New York},
}

@Misc{Zakharko2011ff.,
  author = {Zakharko, Taras; Bickel, Balthasar},
  title  = {familybias: {Family} bias estimation. {{R}} package},
  year   = {2011ff.},
  note   = {accessed 17 November 2016},
  url    = {https://github.com/IVS-UZH}
}

@Article{Aissen2003_DOM,
  author  = {Aissen, Judith},
  title   = {Differential object marking: {Iconicity} vs. economy},
  journal = {Natural Language and Linguistic Theory},
  year    = {2003},
  volume  = {21},
  number  = {3},
  pages   = {435--483},
}

@Book{Arumaa1985_Urlsav,
  title     = {Urslavische {Grammatik}. {Band} {III}},
  publisher = {Winter},
  year      = {1985},
  author    = {Arumaa, Peeter},
  address   = {Heidelberg},
}

@InCollection{Bickel2011_GR,
  author    = {Bickel, Balthasar},
  title     = {Grammatical relations typology},
  booktitle = {The {Oxford} handbook of linguistic typology},
  publisher = {Oxford University Press},
  year      = {2011},
  editor    = {Song, Jae Jung},
  pages     = {399--444},
  address   = {Oxford},
}

@InCollection{Bickel2014_Univ,
  author    = {Bickel, Balthasar},
  title     = {Linguistic diversity and universals},
  booktitle = {The {Cambridge} handbook of linguistic anthropology},
  publisher = {Cambridge University Press},
  year      = {2014},
  editor    = {Enfield, Nick J.; Kockelman, Paul; Sidnell, Jack},
  pages     = {101--124},
  address   = {Cambridge},
}

@InCollection{Bickel2013_Agree,
  author    = {Bickel, Balthasar; Iemmolo, Giorgio; Zakharko, Taras; Witzlack-Makarevich, Alena;},
  title     = {Patterns of alignment in verb agreement},
  booktitle = {Languages across boundaries: {Studies} in memory of {Anna} {Siewierska}},
  publisher = {De Gruyter Mouton},
  year      = {2013},
  editor    = {Bakker, Dik; Haspelmath, Martin},
  pages     = {15--36},
  address   = {Berlin; New York},
}

@InCollection{Bickel2015_Scales,
  author    = {Bickel, Balthasar; Witzlack-Makarevich, Alena; Zakharko, Taras},
  title     = {Typological evidence against universal effects of referential scales on case alignment},
  booktitle = {Scales and Hierarchies: {A} Cross-Disciplinary Perspective},
  publisher = {De Gruyter Mouton},
  year      = {2015},
  editor    = {Bornkessel-Schlesewsky, Ina; Malchukov, Andrej; Richards, Marc D.},
  pages     = {7--43},
  address   = {Berlin; New York},
}

@InCollection{Bickel2015b_Agree,
  author    = {Bickel, Balthasar; Alena Witzlack-Makarevich; Taras Zakharko; Giorgio Iemmolo},
  title     = {Exploring diachronic universals of agreement: {Alignment} patterns and zero marking across person categories},
  booktitle = {Agreement from a diachronic perspective},
  publisher = {De Gruyter Mouton},
  year      = {2015},
  editor    = {Fleischer,Jürg; Rieken, Elisabeth; Widmer, Paul},
  pages     = {29--51},
  address   = {Berlin; New York},
}

@InCollection{Bornkessel2014_Arg,
  author    = {Bornkessel-Schlesewsky, Ina; Schlesewsky, Matthias},
  title     = {Competition in argument interpretation: {Evidence} from the neurobiology of language},
  booktitle = {Competing motivations in grammar and usage},
  publisher = {Oxford University Press},
  year      = {2014},
  editor    = {MacWhnney, Brian; Malchukov, Andrej L.; Moravcsik, Edith A.},
  pages     = {107--126},
  address   = {Oxford},
}

@InCollection{Bossong1985_Guarani,
  author    = {Bossong, Georg},
  title     = {Markierung von {Aktantenfunktionen} im {Guaraní}},
  booktitle = {Relational typology},
  publisher = {Mouton de Gruyter},
  year      = {1985},
  editor    = {Plank, Frans},
  pages     = {1--29},
  address   = {Berlin; New York},
}

@Article{Creissels2013_Sonin,
  author  = {Creissels, Denis; Diagne, Anna Marie},
  title   = {Transitivity in {Bakel} {Soninke}},
  journal = {Mandenkan},
  year    = {2013},
  volume  = {50},
  pages   = {5--38},
}

@InCollection{Culy1995_Donno,
  author    = {Culy, Christopher},
  title     = {Ambiguity and case marking in {Donno} {S\textipa{O}} ({Dogon})},
  booktitle = {Theoretical approaches to {African} languages},
  publisher = {Africa World Press},
  year      = {1995},
  editor    = {Akinlabi, Akinbiyi},
  pages     = {47--58},
  address   = {Trento},
}

@Book{Diagana1995_Soninkee,
  title     = {La langue {Soninkée}: {Morphosyntaxe} et sens},
  publisher = {L’Harmattan},
  year      = {1995},
  author    = {Diagana, Ousmane Moussa},
  address   = {Paris},
}

@Article{Dixon1979_Erg,
  author  = {Dixon, R. M. W.},
  title   = {Ergativity},
  journal = {Language},
  year    = {1979},
  volume  = {55},
  number  = {1},
  pages   = {59–-138},
  doi     = {10.2307/412519},
}

@InCollection{DuBois1985_CompMot,
  author    = {{Du Bois}, John W.},
  title     = {Competing motivations},
  booktitle = {Iconicity in syntax},
  publisher = {John Benjamins},
  year      = {1985},
  editor    = {Haiman, John},
  pages     = {343--365},
  address   = {Amsterdam; Philadelphia},
}

@Book{Epps2008_HupGr,
  title     = {A grammar of {Hup}},
  publisher = {Mouton de Gruyter},
  year      = {2008},
  author    = {Epps, Patience},
  address   = {Berlin; New York},
}

@InCollection{Epps2009_DOM,
  author    = {Epps, Patience},
  title     = {Where differential object marking and split plurality intersect: {Evidence} from {Hup}},
  booktitle = {New challenges in typology: {Transcending} the borders and refining the distinctions},
  publisher = {Mouton de Gruyter},
  year      = {2009},
  editor    = {Epps, Patience; Alexandre Arkhipov},
  pages     = {85--104},
  address   = {Berlin; New York},
}

@Book{Feldman1986_Awtuw,
  title     = {A grammar of {Awtuw}},
  publisher = {Australian National University},
  year      = {1986},
  author    = {Feldman, Harry},
  address   = {Canberra},
}

@InCollection{Greenberg1978_Gender,
  author    = {Greenberg, Joseph H.},
  title     = {How does a language acquire gender markers?},
  booktitle = {Universals of human language {III}: {Word} structure},
  publisher = {Stanford University Press},
  year      = {1978},
  editor    = {Greenberg, Joseph H. and Ferguson, Charles A. and Moravcsik, Edith A.},
  address   = {Stanford},
}

@InCollection{Haspelmath2014_System,
  author    = {Haspelmath, Martin},
  title     = {On system pressure competing with economic motivation},
  booktitle = {Competing motivations in grammar and usage},
  publisher = {Oxford University Press},
  year      = {2014},
  editor    = {MacWhinney, Brian and Malchukov, Andrej L. and Moravcsik, Edith A.},
  pages     = {197--208},
  address   = {Oxford},
}

@InCollection{Hawkins2014_CompMot,
  author    = {Hawkins, John A.},
  title     = {Patterns in competing motivations and the interaction of principles},
  booktitle = {Competing motivations in grammar and usage},
  publisher = {Oxford University Press},
  year      = {2014},
  editor    = {MacWhinney, Brian and Malchukov, Andrej L. and Moravcsik, Edith A.},
  pages     = {54--69},
  address   = {Oxford},
}

@InCollection{Jaeger2004_Learn,
  author    = {Jäger, Gerhard},
  title     = {Learning constraint subhierarchies: {The} bidirectional gradual learning algorithm},
  booktitle = {Optimality theory and pragmatics},
  publisher = {Palgrave MacMillan},
  year      = {2004},
  editor    = {Blutner, Reinhard; Zeevat, Henk},
  pages     = {251--287},
  address   = {Basingstoke; New York},
}

@InCollection{Zeevat2002,
  author    = {Zeevat, Henk; Jäger, Gerhard},
  title     = {A reinterpretation of syntactic alignment},
  booktitle = {Proceedings of the {Fourth} {International} {Tbilisi}{Symposium} on {Language}, {Logic} and {Computation}},
  publisher = {University of Amsterdam},
  year      = {2002},
  editor    = {{de Jongh}, Dick; Nilsenovai, Marie; Zeevat, Henk},
  address   = {Amsterdam},
  note      = {accessed 15 December 2016},
  url       = {http://www.blutner.de/signalling/zeevat_jaeger.pdf},
}

@InProceedings{Justeson1990_Corr,
  author    = {Justeson, John S.; Stephens, Laurence D.},
  title     = {Explanations for word order universals: {A} log-linear analysis},
  booktitle = {Proceedings of the {XIV} {International} {Congress} of {Linguists}. {Vol.} 3},
  year      = {1990},
  pages     = {2372–-2376},
}

@InProceedings{Heusinger2007_DOM,
  author    = {{von Heusinger}, Klaus and Kaiser, Georg A.},
  title     = {Differential object marking and the lexical semantics of verbs in {Spanish}},
  booktitle = {Proceedings of the workshop {Definiteness}, {Specificity} and {Animacy} in {Ibero-Romance} {Languages}},
  year      = {2007},
  editor    = {Kaiser, Georg A.; Leonetti, Manuel},
  pages     = {85--110},
  address   = {Konstanz},
  publisher = {Fachbereich Sprachwissenschaft der Universität Konstanz},
}

@Article{Kibrik1997_RelTyp,
  author  = {Kibrik, Aleksandr E.},
  title   = {Beyond subject and object: {T}oward a comprehensive relational typology},
  journal = {Linguistic Typology},
  year    = {1997},
  volume  = {1},
  number  = {3},
  pages   = {279--346},
  doi     = {10.1515/lity.1997.1.3.279},
}

@Book{Klenin1983_Anim,
  title     = {Animacy in {Russian}: {A} new interpretation},
  publisher = {Slavica Publishers},
  year      = {1983},
  author    = {Klenin, Emily},
  address   = {Columbus, OH},
}

@Article{Krysko1993_Russ,
  author  = {Krys’ko, Vadim B.},
  title   = {Novye materialy k istorii drevnenovgorodskogo nominativa na-\textit{e}},
  journal = {Voprosy jazykoznanija},
  year    = {1993},
  volume  = {6},
  pages   = {78--88},
}

@Book{Krysko1994_Russ,
  title     = {Razvitie kategorii oduševlennosti v istorii russkogo jazyka},
  publisher = {Lyceum},
  year      = {1994},
  author    = {Krys'ko, Vadim B.},
  address   = {Moscow},
}

@Book{Krysko1997_Russ,
  title     = {Istoričeskij sintaksis russkogo jazyka: {O}b" ekt i perechodnost'},
  publisher = {Indrik},
  year      = {1997},
  author    = {Krys'ko, Vadim B.},
  address   = {Moscow},
}

@Article{Kurylowicz1962_Slavic,
  author  = {Kuryłowicz, Jerzy},
  title   = {Personal and animate genders in {Slavic}},
  journal = {Lingua},
  year    = {1962},
  volume  = {11},
  pages   = {249--255},
}

@Article{Kurylowicz1971_Gen,
  author  = {Kuryłowicz, Jerzy},
  title   = {Słowiański genetivus po negacij},
  journal = {Sesja naukowa międzynarodowej komisji budowy gramatycznej języków słowiańskich},
  year    = {1971},
  pages   = {11--14},
}

@Misc{Levshina2017_Disam,
  author       = {Levshina, Natalia},
  title        = {Differential argument marking: {D}isambiguation or prominence? {E}vidence from large typological data},
  howpublished = {Ms., Leipzig University},
  year         = {2017},
}

@InCollection{Mairal2006_Univ,
  author    = {Mairal, Ricardo; Gil, Juana},
  title     = {A first look at universals},
  booktitle = {Linguistic universals},
  publisher = {Cambridge University Press},
  year      = {2006},
  editor    = {Mairal, Ricardo; Gil, Juana},
  pages     = {1--45},
  address   = {Cambridge},
}

@Article{Malchukov2008_DCM,
  author  = {Malchukov, Andrej L.},
  title   = {Animacy and asymmetries in differential case marking},
  journal = {Lingua},
  year    = {2008},
  volume  = {118},
  number  = {2},
  pages   = {203--221},
}

@InCollection{Martins1999_Maku,
  author    = {Martins, Silvana A.; Martins, Valteir},
  title     = {Makú},
  booktitle = {The {Amazonian} languages},
  publisher = {Cambridge University Press},
  year      = {1999},
  editor    = {Dixon, R. M. W.; Aikhenvald, A. Y.},
  pages     = {251--268},
  address   = {Cambridge},
  journal   = {The Amazonian languages},
}

@Book{Meillet1897_Gen,
  title     = {Recherches sur l'emploi du génitif-accusatif en vieux-slave},
  publisher = {É. Bouillon},
  year      = {1897},
  author    = {Meillet, Antoine},
  address   = {Paris},
}

@InCollection{Nichols2008_Diach,
  author    = {Nichols, Johanna},
  title     = {Universals and diachrony: {S}ome observations},
  booktitle = {Linguistic universals and language change},
  publisher = {Oxford University Press},
  year      = {2008},
  editor    = {Good, Jeff},
  pages     = {287-–294},
  address   = {Oxford},
}

@InCollection{Nikitina2018_Foc,
  author    = {Nikitina, Tatiana},
  title     = {Focus marking and differential argument marking: {The} emergent bidirectional case marker in {Wan}},
  booktitle = {Information structure in lesser-described languages: {Studies} in prosody and syntax},
  publisher = {John Benjamins},
  year      = {2018},
  editor    = {Evangelia, Adamou; Haude, Katharina; Vanhove, Martine},
  address   = {Amsterdam; Philadelphia},
}

@Misc{Shain2009_Guaran,
  author       = {Shain, Cory Adam},
  title        = {The distribution of differential object marking in {Paraguayan} {Guaraní}},
  howpublished = {Ms., Ohio State University},
  year         = {2009},
  note         = {accessed 15 August 2017},
  url          = {https://etd.ohiolink.edu/!etd.send_file?accession=osu1243450139},
}

@Book{Song2001_Typ,
  title     = {Linguistic typology: {Morphology} and syntax},
  publisher = {Longman},
  year      = {2001},
  author    = {Song, Jae Jung},
  address   = {Harlow},
}

@Book{Sun1996_Chin,
  title     = {Word-order change and grammaticalization in the history of {Chinese}},
  publisher = {Stanford University Press},
  year      = {1996},
  author    = {Sun, Chaofen},
  address   = {Stanford},
}

@Article{Tomson1908_Slav,
  author  = {Tomson, A. I.},
  title   = {Roditel’nyj-vinitel’nyj padez pri nazvanijax zivyx susc estv v slavjanskix jazykax},
  journal = {Izvestija Otdelenija russkago jazyka i slovesnosti Imperatorskoj akademii nauk},
  year    = {1908},
  volume  = {13},
  number  = {1--2},
  pages   = {232--264},
}

@Article{Vondrak1898_Meill,
  author  = {Vondrák, Wenzel},
  title   = {Einige {Bemerkungen} anlässlich {Meillet’s} ‘{Recherches} sur l’emploi du génitif-accusatif en vieux-slave’},
  journal = {Archiv für slavische {Philologie}},
  year    = {1898},
  volume  = {20},
  pages   = {325--342},
}

@Article{Yang2007_Scram,
  author  = {Yang, Ning; {van Bergen}, Geertje},
  title   = {Scrambled objects and case marking in {Mandarin} {Chinese}},
  journal = {Lingua},
  year    = {2007},
  volume  = {117},
  number  = {9},
  pages   = {1617--1635},
}

@Article{Tomson1909_Slav,
  author  = {Tomson, A. I.},
  title   = {K voprosu o vozniknovenii rod.-vin. p. v slavjanskix jazykax: Priglagol’nyj rod. p. v praslav. jazyke},
  journal = {Izvestija ORJaS},
  year    = {1909},
  volume  = {13},
  number  = {3},
  pages   = {281--302},
}

@Book{Behaghel1932_Syntax,
  title     = {Deutsche {Syntax}: {Eine} geschichtliche {Darstellung}. {Vol.} 4: {Worstellung}, {Periodenbau}},
  publisher = {Winter},
  year      = {1932},
  author    = {Behaghel, Otto},
  address   = {Heidelberg},
}

@Article{Blake1999_Nom,
  author  = {Blake, Barry J.},
  title   = {Nominal marking on verbs: {Some} {Australian} cases},
  journal = {Word},
  year    = {1999},
  volume  = {50},
  number  = {3},
  pages   = {299--317},
}

@Book{Carlson1994_Sup,
  title     = {A Grammar of Supyire},
  publisher = {Mouton de Gruyter},
  year      = {1994},
  author    = {Carlson, Robert},
  address   = {Berlin},
}

@InProceedings{Chafe1984_Adv,
  author    = {Chafe, Wallace},
  title     = {How people use adverbial clauses},
  booktitle = {Annual {Meeting} of the {Berkeley} {Linguistics} {Society}},
  year      = {1984},
  volume    = {10},
  pages     = {437--449},
}

@Book{Cristofaro2003_Subord,
  title     = {Subordination},
  publisher = {Oxford University Press},
  year      = {2003},
  author    = {Cristofaro, Sonia},
  address   = {Oxford},
}

@InCollection{Deutscher2009_Noml,
  author    = {Deutscher, Guy},
  title     = {Nominalization and the origin of subordination},
  booktitle = {Syntactic complexity: {Diachrony}, acquisition, neuro-cognition, evolution},
  publisher = {John Benjamins},
  year      = {2009},
  editor    = {Givón, Talmy; Shibatani, Masayoshi},
  pages     = {199--214},
  address   = {Amsterdam; Philadelphia},
}

@Article{Diessel2001_Adv,
  author  = {Diessel, Holger},
  title   = {The ordering distribution of main and adverbial clauses: {A} typological study},
  journal = {Language},
  year    = {2001},
  volume  = {77},
  number  = {3},
  pages   = {433--455},
}

@Article{Diessel2005_Adv,
  author  = {Diessel, Holger},
  title   = {Competing motivations for the ordering of main and adverbial clauses},
  journal = {Linguistics},
  year    = {2005},
  volume  = {43},
  number  = {3},
  pages   = {449--470},
  doi     = {10.1515/ling.2005.43.3.449},
}

@Article{Diessel2008_Icon,
  author  = {Diessel, Holger},
  title   = {Iconicity of sequence: {A} corpus-based analysis of the positioning of temporal adverbial clauses in {English}},
  journal = {Cognitive linguistics},
  year    = {2008},
  volume  = {19},
  number  = {3},
  pages   = {465--490},
  doi     = {10.1515/COGL.2008.018},
}

@InCollection{Diessel2015_CxG,
  author    = {Diessel, Holger},
  title     = {Usage-based construction grammar},
  booktitle = {Handbook of {Cognitive} {Linguistics}},
  publisher = {De Gruyter Mouton},
  year      = {2015},
  editor    = {Dąbrowska, Ewa; Divjak, Dagmar},
  pages     = {295--321},
  address   = {Berlin; New York},
}

@InCollection{Diessel2011_Caus,
  author    = {Diessel, Holger; Hetterle, Katja},
  title     = {Causal clauses: {A} cross-linguistic investigation of their structure, meaning, and use},
  booktitle = {Linguistic universals and language variation},
  publisher = {Mouton de Gruyter},
  year      = {2011},
  editor    = {Siemund, Peter},
  pages     = {23--54},
  address   = {Berlin; New York},
}

@InCollection{Disterheft2010_Subor,
  author    = {Disterheft, Dorothy; Viti, Carlotta},
  title     = {Subordination},
  booktitle = {Continuum Companion to Historical Linguistics},
  publisher = {Continuum},
  year      = {2010},
  editor    = {Luraghi, Silvia; Bubenik, Vit},
  pages     = {230--249},
  address   = {London},
}

@Article{Epps2009_RC,
  author  = {Epps, Patience},
  title   = {Escape from the noun phrase: {F}rom relative clause to converb and beyond in an {Amazonian} language},
  journal = {Diachronica},
  year    = {2009},
  volume  = {26},
  number  = {3},
  pages   = {287--318},
}

@Article{Ford1994_CausJap,
  author  = {Ford, Cecilia E.; Mori, Junko},
  title   = {Causal markers in {Japanese} and {English} conversations: {A} cross-linguistic study of interactional grammar},
  journal = {Pragmatics},
  year    = {1994},
  volume  = {4},
  number  = {1},
  pages   = {31--61},
}

@Book{Frajzyngier1996_CompSen,
  title     = {Grammaticalization of the complex sentence: {A} case study in {Chadic}},
  publisher = {John Benjamins},
  year      = {1996},
  author    = {Frajzyngier, Zygmunt},
  address   = {Amsterdam; Philadelphia},
}

@InCollection{Genetti1991_NewariPP,
  author    = {Genetti, Carol},
  title     = {From postposition to subordination in {Newari}},
  booktitle = {Approaches to {Grammaticalization}. {Vol.} {II}},
  publisher = {John Benjamins},
  year      = {1991},
  editor    = {Traugott, Elizabeth Closs; Heine, Bernd},
  pages     = {227--256},
  address   = {Amsterdam; Philadelphia},
}

@InCollection{Givon1975_Serial,
  author    = {Givón, Talmy},
  title     = {Serial verbs and syntactic change: {Niger-Congo}},
  booktitle = {Word order and word order change},
  publisher = {University of Texas Press},
  year      = {1975},
  editor    = {Li, Charles N.},
  pages     = {47--112},
  address   = {Austin},
}

@Book{Givon1990_Syn2,
  title     = {Syntax: {A} functional-typological introduction. {Vol.} {II}},
  publisher = {John Benjamins},
  year      = {1990},
  author    = {Givón, Talmy},
  address   = {Amsterdam; Philadelphia},
}

@InCollection{Givon1991_Hebrew,
  author    = {Givón, Talmy},
  title     = {The evolution of dependent clause morpho-syntax in {Biblical} {Hebrew}},
  booktitle = {Approaches to Grammaticalization. {Vol.} {II}: {Focus} on Types of Grammatical Markers},
  publisher = {John Benjamins},
  year      = {1991},
  editor    = {Traugott, Elizabeth Closs; Heine, Bernd},
  pages     = {257--329},
  address   = {Amsterdam; Philadelphia},
}

@Book{Gueldemann2008_Quot,
  title     = {Quotative Indexes in {African} Languages: {A} Synchronic and Diachronic Survey},
  publisher = {Mouton de Gruyter},
  year      = {2008},
  author    = {Güldemann, Tom},
  address   = {Berlin; New York},
}

@Book{Haiman1985_NatSyn,
  title     = {Natural syntax},
  publisher = {John Benjamins},
  year      = {1985},
  author    = {Haiman, John},
  address   = {Amsterdam; Philadelphia},
}

@Article{Haspelmath1989_Purp,
  author  = {Haspelmath, Martin},
  title   = {From purposive to infinitive - {A} universal pathway of grammaticalization},
  journal = {Folia Linguistica Historica},
  year    = {1989},
  volume  = {X},
  number  = {1--2},
  pages   = {287--310},
}

@Book{Haspelmath1993_Lez,
  title     = {A grammar of {Lezgian}},
  publisher = {Mouton de Gruyter},
  year      = {1993},
  author    = {Haspelmath, Martin},
  address   = {Berlin; New York},
}

@Book{Hawkins1983_Order,
  title     = {Word order universals},
  publisher = {Academic Press},
  year      = {1983},
  author    = {Hawkins, John A.},
  address   = {New York},
}

@Book{Heath2008_Jams,
  title     = {A grammar of {Jamsay}},
  publisher = {Mouton de Gruyter},
  year      = {2008},
  author    = {Heath, Jeffrey},
  address   = {Berlin},
}

@InCollection{Heine2009_Noml,
  author    = {Heine, Bernd},
  title     = {From nominal to clausal morphosyntax: {Complexity} via expansion},
  booktitle = {Syntactic complexity: {Diachrony}, acquisition, neuro-cognition, evolution},
  publisher = {John Benjamins},
  year      = {2009},
  editor    = {Givón, Talmy; Shibatani, Masayoshi},
  pages     = {23--52},
  address   = {Amsterdam; Philadelphia},
}

@Book{Hetterle2015_Adv,
  title     = {Adverbial clauses in cross-linguistic perspective},
  publisher = {Mouton de Gruyter},
  year      = {2015},
  author    = {Hetterle, Katja},
  address   = {Berlin; New York},
}

@Book{Hilpert2013_Change,
  title     = {Constructional Change in {English}: {Developments} in Allomorphy, Word Formation, and Syntax},
  publisher = {Cambridge University Press},
  year      = {2013},
  author    = {Hilpert, Martin},
  address   = {Cambridge},
}

@Book{Hopper2003_Gramm,
  title     = {Grammaticalization},
  publisher = {Cambridge University Press},
  year      = {2003},
  author    = {Hopper, Paul J.; Traugott, Elizabeth Closs},
  address   = {Cambridge},
  edition   = {2nd},
}

@Book{Iwasaki2013_Jap,
  title     = {Japanese},
  publisher = {John Benjamins},
  year      = {2013},
  author    = {Iwasaki, Shoichi},
  address   = {Amsterdam; Philadelphia},
}

@Book{Kornfilt1997_Turk,
  title     = {Turkish},
  publisher = {Mouton de Gruyter},
  year      = {1997},
  author    = {Kornfilt, Jaklin},
  address   = {Berlin},
}

@InCollection{Lehmann1988_Link,
  author    = {Lehmann, Christian},
  title     = {Towards a typology of clause linkage},
  booktitle = {Clause Combining in Grammar and Discourse},
  publisher = {John Benjamins},
  year      = {1988},
  editor    = {Haiman, John; Thompson, Sandra A.},
  pages     = {181--225},
  address   = {Amsterdam; Philadelphia},
}

@Book{Lichtenberk2008_Toq,
  title     = {A grammar of {Toqabaqita}},
  publisher = {Mouton de Gruyter},
  year      = {2008},
  author    = {Lichtenberk, Frantisek},
  address   = {Berlin},
}

@Book{Macaulay1996_Mix,
  title     = {A grammar of {Chalcatongo} {Mixtec}},
  publisher = {University of California Press},
  year      = {1996},
  author    = {Macaulay, Monica Ann},
  address   = {Berkeley},
}

@Book{Merlan1982_Man,
  title     = {Mangarayi},
  publisher = {North Holland},
  year      = {1982},
  author    = {Merlan, Francesca},
  address   = {Amsterdam},
}

@InCollection{Munro1982_Say,
  author    = {Munro, Pamela},
  title     = {On the transitivity of 'say' verbs},
  booktitle = {Studies in Transitivity},
  publisher = {Academic Press},
  year      = {1982},
  editor    = {Hopper, Paul J.; Thompson, Sandra A.},
  pages     = {301--318},
  address   = {New York},
}

@Book{Neukom2001_San,
  title     = {Santali},
  publisher = {Lincom},
  year      = {2001},
  author    = {Neukom, Lukas},
  address   = {Munich},
}

@Book{Nguyen1997_Vie,
  title     = {Vietnamese},
  publisher = {John Benjamins},
  year      = {1997},
  author    = {Nguyen, Dinh-Hoa},
  address   = {Amsterdam; Philadelphia},
}

@Book{Noonan1992_Lan,
  title     = {A grammar of {Lango}},
  publisher = {Mouton de Gruyter},
  year      = {1992},
  author    = {Noonan, Michael},
  address   = {Berlin},
}

@Book{Nordlinger1998_wam,
  title     = {A grammar of {Wambaya}, {Northern} {Territory} {(Australia})},
  publisher = {Pacific Linguistics},
  year      = {1998},
  author    = {Nordlinger, Rachel},
  address   = {Canberra},
}

@InCollection{Overall2009_Agua,
  author    = {Overall, Simon},
  title     = {The semantics of clause linkage in {Aguaruna}},
  booktitle = {The semantics of clause linkage: {A} cross-linguistic typology},
  publisher = {Oxford University Press},
  year      = {2009},
  editor    = {Dixon, R. M. W. ; Aikhenvald, Alexandra Y.},
  pages     = {167--192},
  address   = {Oxford},
}

@InCollection{Payne1990_Yag,
  author    = {Payne, Doris L. ; Payne, Thomas E.},
  title     = {Yagua},
  booktitle = {Handbook of {Amazonian} languages. {Vol} {II}},
  publisher = {Mouton de Gruyter},
  year      = {1990},
  editor    = {Derbyshire, Desmond C.; Pullum, Geoffrey K.},
  pages     = {249--471},
  address   = {Berlin},
}

@Article{Pickering2008_Prim,
  author  = {Pickering, Martin J. and Ferreira, Victor S.},
  title   = {Structural priming: {A} critical review},
  journal = {Psychological Bulletin},
  year    = {2008},
  volume  = {134},
  number  = {3},
  pages   = {427--459},
}

@Book{Roberts1987_Ame,
  title     = {Amele},
  publisher = {Croom Helm},
  year      = {1987},
  author    = {Roberts, John},
  address   = {London},
}

@Book{Sawka2001_May,
  title     = {Aspects of {Mayogo} grammar},
  publisher = {University of Texas MA thesis},
  year      = {2001},
  author    = {Sawka, Kenneth},
  address   = {Arlington},
}

@Book{SchmidtkeBode2009_Purp,
  title     = {A typology of purpose clauses},
  publisher = {John Benjamins},
  year      = {2009},
  author    = {Schmidtke-Bode, Karsten},
  address   = {Amsterdam; Philadelphia},
}

@Article{SchmidtkeBode2017_Comp,
  author  = {Schmidtke-Bode, Karsten and Diessel, Holger},
  title   = {Cross-linguistic patterns in the structure, function, and position of (object) complement clauses},
  journal = {Linguistics},
  year    = {2017},
  volume  = {55},
  number  = {1},
  pages   = {1--38},
}

@Book{Smeets2008_Map,
  title     = {A grammar of {Mapuche}},
  publisher = {Mouton de Gruyter},
  year      = {2008},
  author    = {Smeets, Ineke},
  address   = {Berlin},
}

@Book{Sohn1994_Kor,
  title     = {Korean},
  publisher = {Routledge},
  year      = {1994},
  author    = {Sohn, Ho-Min},
  address   = {London},
}

@InCollection{Traugott1985_Cond,
  author    = {Traugott, Elizabeth Closs},
  title     = {Conditional markers},
  booktitle = {Iconicity in syntax},
  publisher = {John Benjamins},
  year      = {1985},
  editor    = {Haiman, John},
  pages     = {289--307},
  address   = {Amsterdam; Philadelphia},
}

@InCollection{Traugott1991_Sem,
  author    = {Traugott, Elizabeth Closs; König, Ekkehard},
  title     = {The semantics-pragmatics of grammaticalization revisited},
  booktitle = {Approaches to Grammaticalization. {Vol.} {I}},
  publisher = {John Benjamins},
  year      = {1991},
  editor    = {Traugott, Elizabeth Closs; Heine, Bernd},
  pages     = {189--218},
  address   = {Amsterdam; Philadelphia},
}

@Article{VandeVelde2013_Mult,
  author  = {{Van de Velde}, Freek and {De Smet}, Hendrik and Ghesquière, Lobke},
  title   = {On multiple source constructions in language change},
  journal = {Studies in Language},
  year    = {2013},
  volume  = {37},
  number  = {3},
  pages   = {473--489},
}

@Article{Beckner2009_CAS,
  author  = {Beckner, Clay and Blythe, Richard and Bybee, Joan L. and Christiansen, Morten H. and Croft, William and Ellis, Nick C. and Holland, John and Ke, Jinyun and Larsen-Freeman, Diane and Schoenemann, Tom},
  title   = {Language is a complex adaptive system: {Position} paper},
  journal = {Language Learning},
  year    = {2009},
  volume  = {59},
  number  = {s1},
  pages   = {1--26},
}

@InCollection{Bickel2018_Area,
  author    = {Bickel, Balthasar},
  title     = {Large and ancient linguistic areas},
  booktitle = {Language dispersal, diversification, and contact: {A} global perspective},
  publisher = {Oxford University Press},
  year      = {2018},
  editor    = {Crevels, Mily; Hombert, Jean-Marie; Muysken, Pieter},
  address   = {Oxford},
}

@Article{Bickel2015_SubjNeuro,
  author  = {Bickel, Balthasar; Witzlack-Makarevich, Alena; Choudhary, Kamal K.; Schlesewsky, Matthias; Bornkessel-Schlesewsky, Ina},
  title   = {The neurophysiology of language processing shapes the evolution of grammar: {Evidence} from case marking},
  journal = {PLoS ONE},
  year    = {2015},
  volume  = {10},
  number  = {8},
  pages   = {e0132819},
  doi     = {10.1371/journal.pone.0132819},
}

@Book{Bybee2015_Change,
  title     = {Language change},
  publisher = {Cambridge University Press},
  year      = {2015},
  author    = {Bybee, Joan L.},
  address   = {Cambridge},
}

@Book{Comrie1989_Typ,
  title     = {Language universals and linguistic typology: {Syntax} and morphology},
  publisher = {University of Chicago Press},
  year      = {1989},
  author    = {Comrie, Bernard},
  address   = {Chicago},
  edition   = {2nd},
}

@Article{DeSmet2009_Rean,
  author  = {{De Smet}, Hendrik},
  title   = {Analysing reanalysis},
  journal = {Lingua},
  year    = {2009},
  volume  = {119},
  pages   = {1728–-1755},
}

@Article{DuBois1987_Erg,
  author  = {Du Bois, John W.},
  title   = {The discourse basis of ergativity},
  journal = {Language},
  year    = {1987},
  volume  = {63},
  number  = {4},
  pages   = {805--855},
}

@Article{Everett2009_PAS,
  author  = {Everett, Caleb},
  title   = {A reconsideration of the motivations for preferred argument structure},
  journal = {Studies in Language},
  year    = {2009},
  volume  = {33},
  number  = {1},
  pages   = {1--24},
}

@InCollection{Gell-Mann1992_Complex,
  author    = {Gell-Mann, Murray},
  title     = {Complexity and complex adaptive systems},
  booktitle = {The evolution of human languages},
  publisher = {Addison-Wesley},
  year      = {1992},
  editor    = {Hawkins, John A.; Gell-Mann, Murray},
  pages     = {3--18},
  address   = {Redwood City, CA},
}

@Book{Good2008_Change,
  title     = {Linguistic universals and language change},
  publisher = {Oxford University Press},
  year      = {2008},
  editor    = {Good, Jeff},
  address   = {Oxford},
}

@Book{Hawkins1988_ExplEd,
  title     = {Explaining language universals},
  publisher = {Blackwell},
  year      = {1988},
  editor    = {Hawkins, John A.},
  address   = {Oxford},
}

@Article{Howe2005_Dyn,
  author  = {Howe, Mark L.; Lewis, Marc D.},
  title   = {The importance of dynamic systems approaches for understanding development},
  journal = {Developmental Review},
  year    = {2005},
  volume  = {25},
  number  = {3},
  pages   = {247--251},
}

@InCollection{Lestrade2018_DCM,
  author    = {Lestrade, Sander},
  title     = {The emergence of differential case marking},
  booktitle = {Diachrony of differential argument marking},
  publisher = {Language Science Press},
  year      = {2018},
  editor    = {Seržant , Ilja A.; Witzlack-Makarevich, Alena},
  pages     = {481--508},
  address   = {Berlin},
  doi       = {DOI:10.5281/zenodo.1228275},
}

@InCollection{Ohala1989_ChangePhon,
  author    = {Ohala, John J.},
  title     = {Sound change is drawn from a pool of synchronic variation},
  booktitle = {Language change: {Contributions} to the study of its causes},
  publisher = {Mouton de Gruyter},
  year      = {1989},
  editor    = {Breivik, Leiv Egil; Jahr, Ernst Håkon},
  pages     = {173--198},
  address   = {Berlin; New York},
}

@InCollection{Port2009_Dny,
  author    = {Port, Robert},
  title     = {Dynamics of language},
  booktitle = {Encyclopedia of complexity and systems science},
  publisher = {Springer},
  year      = {2009},
  editor    = {Meyers, Robert A.},
  pages     = {2310--2323},
  address   = {New York},
}

@Article{Shibatani2006_Voice,
  author  = {Shibatani, Masayoshi},
  title   = {On the conceptual framework for voice phenomena},
  journal = {Linguistics},
  year    = {2006},
  volume  = {44},
  number  = {2},
  pages   = {217–-269},
}

@Article{Cysouw2011_Trans,
  author  = {Cysouw, Michael},
  title   = {Understanding transition probabilities},
  journal = {Linguistic Typology},
  year    = {2011},
  volume  = {15},
  number  = {2},
  pages   = {415--431},
}

@Book{Deacon1997_Symb,
  title     = {The symbolic species: {The} co-evolution of language and the brain},
  publisher = {W. W. Norton \& Company},
  year      = {1997},
  author    = {Deacon, Terrence},
  address   = {New York},
}

@InCollection{Evans2009_Myth,
  author  = {Evans, Nicholas; Levinson, Stephen C.},
  title   = {The myth of language universals: {Language} diversity and its importance for cognitive science},
  year    = {2009},
  volume  = {32},
  number  = {5},
  pages   = {429--448},
  journal = {Behavioral and Brain Sciences},
}

@Book{Givon1990_Syn1,
  title     = {Syntax: {A} functional-typological introduction. {Vol.} {I}},
  publisher = {John Benjamins},
  year      = {1984},
  author    = {Givón, Talmy},
  address   = {Amsterdam; Philadelphia},
}

@InCollection{Givon2010_Adapt,
  author    = {Givón, Talmy},
  title     = {The adaptive approach to grammar},
  booktitle = {The {Oxford} handbook of linguistic analysis},
  publisher = {Oxford University Press},
  year      = {2010},
  editor    = {Heine, Bernd; Narrog, Heiko},
  pages     = {27--49},
  address   = {Oxford},
}

@Book{Greenberg1966_Hier,
  title     = {Language universals, with special reference to feature hierarchies},
  publisher = {Mouton},
  year      = {1966},
  author    = {Greenberg, Joseph H.},
  address   = {The Hague},
}

@InCollection{Hawkins1988_Intro,
  author    = {Hawkins, John A.},
  title     = {Explaining language universals},
  booktitle = {Explaining language universals},
  publisher = {Blackwell},
  year      = {1988},
  editor    = {Hawkins, John A.},
  pages     = {3--28},
  address   = {Oxford},
}

@InCollection{Hopper1991_Prin,
  author    = {Hopper, Paul J.},
  title     = {On some principles of grammaticization},
  booktitle = {Approaches to grammaticalization. {Vol.} {I}: {Focus} on theoretical and methodological issues},
  publisher = {John Benjamins},
  year      = {1991},
  editor    = {Traugott, Elizabeth C.; Heine, Bernd},
  pages     = {17--35},
  address   = {Amsterdam; Philadelphia},
}

@Article{Maslova2000_Distrib,
  author  = {Maslova, Elena},
  title   = {A dynamic approach to the verification of distributional universals},
  journal = {Linguistic Typology},
  year    = {2000},
  volume  = {4},
  number  = {3},
  pages   = {307--333},
}

@Article{Bates2015_lme,
  author  = {Bates, Douglas; Maechler, Martin; Bolker, Ben; Walker, Steven},
  title   = {Fitting linear mixed-effects models using lme4},
  journal = {Journal of Statistical Software},
  year    = {2015},
  volume  = {67},
  number  = {1},
  pages   = {1--48},
  doi     = {10.18637/jss.v067.i0},
}

@Article{Caldwell2012_Evo,
  author  = {Caldwell, Christine A.; Smith, Kenny},
  title   = {Cultural evolution and perpetuation of arbitrary communicative conventions in experimental microsocieties},
  journal = {PLoS ONE},
  year    = {2012},
  volume  = {7},
  number  = {8},
  pages   = {e43807},
  doi     = {10.1371/journal.pone.0043807},
}

@InProceedings{Christiansen2000_Order,
  author    = {Christiansen, Morten H.},
  title     = {Using artificial language learning to study language evolution: {Exploring} the emergence of word order universals},
  booktitle = {The evolution of language: 3rd international conference},
  year      = {2000},
  editor    = {Dessalles, Jean-Louis; Ghadakpour, Laleh},
  pages     = {45--48},
  address   = {Paris},
  publisher = {École Nationale Supérieure des Télécommunications},
}

@Book{Comrie1981_Typ,
  title     = {Language universals and linguistic typology: {Syntax} and morphology},
  publisher = {University of Chicago Press},
  year      = {1981},
  author    = {Comrie, Bernard},
  address   = {Chicago},
}

@Article{Culbertson2012_Overview,
  author  = {Culbertson, Jennifer},
  title   = {Typological universals as reflections of biased learning: {Evidence} from artificial language learning},
  journal = {Language and Linguistics Compass},
  year    = {2012},
  volume  = {6},
  number  = {5},
  pages   = {310--329},
}

@InCollection{Culbertson2011_Agree,
  author    = {Culbertson, Jennifer; Legendre, Géraldine},
  title     = {Investigating the evolution of agreement systems using an artificial language learning paradigm},
  booktitle = {Proceedings of the 2010 {Western} {Conference} on {Linguistics}. {Vol.} 1},
  publisher = {Department of Linguistics, California State University},
  year      = {2011},
  editor    = {Bailey, Dina; Teliga, Victoria},
  pages     = {46–-58},
  address   = {Fresno},
}

@Article{Fay2013_CultEvo,
  author  = {Fay, Nicolas and Ellison, T. Mark},
  title   = {The cultural evolution of human communication systems in different sized populations: {Usability} trumps learnability},
  journal = {PloS ONE},
  year    = {2013},
  volume  = {8},
  number  = {8},
  pages   = {e71781},
  doi     = {10.1371/journal.pone.0071781},
}

@Article{Fedzechkina2012_Eff,
  author  = {Fedzechkina, Maryia; Jaeger, T. Florian; Newport, Elissa L.},
  title   = {Language learners restructure their input to facilitate efficient communication},
  journal = {PNAS},
  year    = {2012},
  volume  = {109},
  number  = {44},
  pages   = {17897--17902},
  doi     = {10.1073/pnas. 1215776109},
}

@Article{Feher2016_Prim,
  author  = {Fehér, Olga and Wonnacott, Elizabeth and Smith, Kenny},
  title   = {Structural priming in artificial languages and the regularisation of unpredictable variation},
  journal = {Journal of Memory and Language},
  year    = {2016},
  volume  = {91},
  pages   = {158--180},
}

@Article{Goldberg2013_Comment,
  author  = {Goldberg, Adele E.},
  title   = {Substantive learning bias or an effect of familiarity? {Comment} on {Culbertson}, {Smolensky}, and {Legendre} (2012)},
  journal = {Cognition},
  year    = {2013},
  volume  = {127},
  number  = {3},
  pages   = {420--426},
  doi     = {10.1016/j.cognition.2013.02.017},
}

@Article{Hudson2009_ChangeLearn,
  author  = {Hudson Kam, Carla L.; Newport, Elissa L.},
  title   = {Getting it right by getting it wrong: {When} learners change languages},
  journal = {Cognitive Psychology},
  year    = {2009},
  volume  = {59},
  number  = {1},
  pages   = {30--66},
}

@Article{Kirby2014_Iter,
  author  = {Kirby, Simon and Griffiths, Tom and Smith, Kenny},
  title   = {Iterated learning and the evolution of language},
  journal = {Current Opinion in Neurobiology},
  year    = {2014},
  volume  = {28},
  pages   = {108--114},
}

@Misc{Levshina2016_Caus,
  author       = {Levshina, Natalia},
  title        = {Iconicity, economy and language evolution: {The} case of causatives},
  howpublished = {Paper presented at the 49th {Annual} {Meeting} of the {Societas} {Linguistica} {Europaea}, {Naples}, {Italy},},
  month        = {September},
  year         = {2016},
}

@Article{Levshina2017_CausTyp,
  author  = {Levshina, Natalia},
  title   = {Finding the best fit for direct and indirect causation: {A} typological study},
  journal = {Lingua Posnaniensis},
  year    = {2017},
  volume  = {58},
  number  = {2},
  pages   = {65--83},
  doi     = {10.1515/linpo-2016-0010},
}

@MastersThesis{Little2011_For,
  author = {Little, Hannah},
  title  = {Foreigner directed speech: {Its} role in the cultural transmission of language and the resulting effects on language typology},
  school = {University of Edinburgh},
  year   = {2011},
  type   = {mscthesis},
}

@InProceedings{Moscoso_Icel,
  author    = {Moscoso del Prado, Fermin},
  title     = {Grammatical change begins within the word: {Causal} modeling of the co-evolution of {Icelandic} morphology and syntax},
  booktitle = {Proceedings of the {Cognitive} {Science} {Society}},
  year      = {2014},
  volume    = {36},
  number    = {36},
  pages     = {2657--2662},
}

@Article{Parker1990_Opt,
  author  = {Parker, Geoffrey A. and Smith, J. Maynard},
  title   = {Optimality theory in evolutionary biology},
  journal = {Nature},
  year    = {1990},
  volume  = {348},
  number  = {6296},
  pages   = {27--33},
}

@Article{Perfors2016_Reg,
  author  = {Perfors, Amy},
  title   = {Adult regularization of inconsistent input depends on pragmatic factors},
  journal = {Language Learning and Development},
  year    = {2016},
  volume  = {12},
  number  = {2},
  pages   = {138--155},
  doi     = {10.1080/15475441.2015.1052449},
}

@Article{Reali2009_FreqEvo,
  author  = {Reali, Florencia and Griffiths, Thomas L.},
  title   = {The evolution of frequency distributions: {Relating} regularization to inductive biases through iterated learning},
  journal = {Cognition},
  year    = {2009},
  volume  = {111},
  number  = {3},
  pages   = {317--328},
}

@Article{Rohdenburg1996_Complex,
  author  = {Rohdenburg, Günter},
  title   = {Cognitive complexity and increased grammatical explicitness in {English}},
  journal = {Cognitive Linguistics},
  year    = {1996},
  volume  = {7},
  number  = {2},
  pages   = {149--182},
}

@InCollection{Rohdenburg_Horror,
  author    = {Rohdenburg, Günter},
  title     = {Horror aequi and cognitive complexity as factors determining the use of interrogative clause linkers},
  booktitle = {Determinants of grammatical variation in {English}},
  publisher = {Mouton de Gruyter},
  year      = {2003},
  editor    = {Rohdenburg, Günter; Mondorf, Britta},
  pages     = {205--250},
  address   = {Berlin; New York},
}

@Article{Silvey2015_Word,
  author  = {Silvey, Catriona and Kirby, Simon and Smith, Kenny},
  title   = {Word meanings evolve to selectively preserve distinctions on salient dimensions},
  journal = {Cognitive science},
  year    = {2015},
  volume  = {39},
  number  = {1},
  pages   = {212--226},
}

@InCollection{Slobin1996_Think,
  author    = {Slobin, Dan I.},
  title     = {From “thought and language” to “thinking for speaking”},
  booktitle = {Rethinking linguistic relativity},
  publisher = {Cambridge University Press},
  year      = {1996},
  editor    = {Gumperz, John J.; Levinson, Stephen C.},
  pages     = {70--96},
  address   = {Cambridge},
}

@Article{Smith2017_VarEvo,
  author  = {Smith, Kenny and Perfors, Amy and Fehér, Olga and Samara, Anna and Swoboda, Kate and Wonnacott, Elizabeth},
  title   = {Language learning, language use and the evolution of linguistic variation},
  journal = {Philosophical Transactions of the Royal Society},
  year    = {2017},
  volume  = {B 372},
  number  = {1711},
  pages   = {20160051},
  doi     = {10.1098/rstb.2016.0051},
}

@Article{Smith2010_Elim,
  author  = {Smith, Kenny and Wonnacott, Elizabeth},
  title   = {Eliminating unpredictable variation through iterated learning},
  journal = {Cognition},
  year    = {2010},
  volume  = {116},
  number  = {3},
  pages   = {444--449},
}

@Article{StClair2009_SuffLearn,
  author  = {{St. Clair}, Michelle C. and Monaghan, Padraic and Ramscar, Michael},
  title   = {Relationships between language structure and language learning: {The} suffixing preference and grammatical categorization},
  journal = {Cognitive Science},
  year    = {2009},
  volume  = {33},
  number  = {7},
  pages   = {1317--1329},
  doi     = {10.1111/j.1551-6709.2009.01065.x},
}

@Book{Stone2015_InfTheo,
  title     = {Information theory. {A} tutorial introduction},
  publisher = {Septel Press},
  year      = {2015},
  author    = {Stone, James V.},
  address   = {Wrocław},
}

@Article{Tamariz2017_CultEvo,
  author  = {Tamariz, Monica},
  title   = {Experimental studies on the cultural evolution of language},
  journal = {Annual Review of Linguistics},
  year    = {2017},
  volume  = {3},
  pages   = {389--407},
}

@Article{Tinits2017_Context,
  author  = {Tinits, Peeter and Nölle, Jonas and Hartmann, Stefan},
  title   = {Usage context influences the evolution of overspecification in iterated learning},
  journal = {Journal of Language Evolution},
  year    = {2017},
  volume  = {2},
  number  = {2},
  pages   = {147--159},
}

@Article{Verhoef2012_Duality,
  author  = {Verhoef, Tessa},
  title   = {The origins of duality of patterning in artificial whistled languages},
  journal = {Language and Cognition},
  year    = {2012},
  volume  = {4},
  number  = {4},
  pages   = {357--380},
  doi     = {10.1515/langcog-2012-0019},
}

@Article{Allen2002_Poss,
  author  = {Allen, Cynthia L.},
  title   = {The development of ‘strengthened’ possessive pronouns in {English}},
  journal = {Language Sciences},
  year    = {2002},
  volume  = {24},
  number  = {3},
  pages   = {189--211},
}

@Article{Bentz2013_CaseLearn,
  author  = {Bentz, Christian and Winter, Bodo},
  title   = {Languages with more second language learners tend to lose nominal case},
  journal = {Language Dynamics and Change},
  year    = {2013},
  volume  = {3},
  number  = {1},
  pages   = {1--27},
}

@InCollection{Bybee2007_FreqIntro,
  author    = {Bybee, Joan L.},
  title     = {Introduction},
  booktitle = {Frequency of use and the organization of language},
  publisher = {Oxford University Press},
  year      = {2007},
  editor    = {Bybee, Joan L.},
  pages     = {5--22},
  address   = {Oxford},
}

@Book{Cyffer1998_Kanuri,
  title     = {A sketch of {Kanuri}},
  publisher = {Rüdiger Köppe},
  year      = {1998},
  author    = {Cyffer, Norbert},
  address   = {Cologne},
}

@InCollection{Fattier2013_Haitian,
  author    = {Fattier, Dominique},
  title     = {Haitian structure data set},
  booktitle = {Atlas of pidgin and creole language structures online},
  publisher = {Max Planck Institute for Evolutionary Anthropology},
  year      = {2013},
  editor    = {Michaelis, Susanne Maria; Maurer, Philippe; Haspelmath, Martin; Huber, Magnus},
  address   = {Leipzig},
  note      = {accessed 2 July 2017},
  url       = {http://apics-online.info/contributions/49},
}

@InCollection{Finney2013_Krio,
  author    = {Finney, Malcolm Awadajin},
  title     = {Krio structure data set},
  booktitle = {Atlas of pidgin and creole language structures online},
  publisher = {Max Planck Institute for Evolutionary Anthropology},
  year      = {2013},
  editor    = {Michaelis, Susanne Maria; Maurer, Philippe; Haspelmath, Martin; Huber, Magnus},
  address   = {Leipzig},
  note      = {accessed 1 July 2017},
  url       = {http://apics-online.info/contributions/15},
}

@InCollection{Hagemeijer2013_Santome,
  author    = {Hagemeijer, Tjerk},
  title     = {Santome structure data set},
  booktitle = {Atlas of pidgin and creole language structures online},
  publisher = {Max Planck Institute for Evolutionary Anthropology},
  year      = {2013},
  editor    = {Michaelis, Susanne Maria; Maurer, Philippe; Haspelmath, Martin; Huber, Magnus},
  address   = {Leipzig},
  note      = {accessed 1 July 2017},
  url       = {http://apics-online.info/contributions/35},
}

@InCollection{Haspelmath2015_Coptic,
  author    = {Haspelmath, Martin},
  title     = {A grammatical overview of {Egyptian} and {Coptic}},
  booktitle = {Egyptian-{Coptic} linguistics in typological perspective},
  publisher = {De Gruyter Mouton},
  year      = {2015},
  editor    = {Grossman, Eitan; Haspelmath, Martin; Richter, Tonio Sebastian},
  pages     = {103--143},
  address   = {Berlin; New York},
}

@Article{Haspelmath2014_Causal,
  author  = {Haspelmath, Martin and Calude, Andreea and Spagnol, Michael and Narrog, Heiko and Bamyacı, Elif},
  title   = {Coding causal--noncausal verb alternations: {A} form--frequency correspondence explanation},
  journal = {Journal of Linguistics},
  year    = {2014},
  volume  = {50},
  number  = {3},
  pages   = {587--625},
}

@InProceedings{Haspelmath2017_Analytic,
  author    = {Haspelmath, Martin; Michaelis, Susanne Maria},
  title     = {Analytic and synthetic: {Typological} change in varieties of {European} languages},
  booktitle = {Language variation -- {European} Perspectives {VI}: {Selected} papers from the 8th {International} {Conference} on {Language} {Variation} in {Europe} ({ICLaVE} 8), {Leipzig} 2015},
  year      = {2017},
  editor    = {Buchstaller, Isabelle; Siebenhaar, Beat},
  pages     = {3--22},
  address   = {Amsterdam; Philadelphia},
  publisher = {John Benjamins},
}

@InCollection{Haspelmath2013_PossCre,
  author    = {Haspelmath, Martin; APiCS, Consortium},
  title     = {Independent pronominal possessors},
  booktitle = {The atlas of pidgin and creole language structures},
  publisher = {Oxford University Press},
  year      = {2013},
  editor    = {Michaelis, Susanne Maria; Maurer, Philippe; Haspelmath, Martin; Huber, Magnus},
  pages     = {150--153},
  address   = {Oxford},
  note      = {Accessed 30 June 2017},
  url       = {http://apics-online.info/parameters/39.chapter.html},
}

@InCollection{Jaeger2018_Signal,
  author    = {Jaeger, T. Florian; Buz, Esteban},
  title     = {Signal reduction and linguistic encoding},
  booktitle = {The Handbook of psycholinguistics},
  publisher = {Wiley-Blackwell},
  year      = {2018},
  editor    = {Fernández, Eva M.; Smith Cairns, Helen},
  pages     = {38--81},
  address   = {Oxford},
}

@InCollection{Koch2012_Imm,
  author    = {Koch, Peter; Oesterreicher, Wulf},
  title     = {Language of immediacy –- language of distance. {Orality} and literacy from the perspective of language theory and linguistic history},
  booktitle = {Communicative spaces. {Variation}, contact, and change. {Papers} in honour of {Ursula} {Schaefer}},
  publisher = {Peter Lang},
  year      = {2012[1985]},
  editor    = {Lange, Claudia; Weber, Beatrix Weber; Wolf, Göran},
  pages     = {441--473},
  address   = {Frankfurt/Main},
}

@InCollection{Kouwenberg2013_Berb,
  author    = {Kouwenberg, Silvia},
  title     = {Berbice Dutch},
  booktitle = {The survey of pidgin and creole languages. {Volume} 1: {English}-based and {Dutch}-based languages},
  publisher = {Oxford University Press},
  year      = {2013},
  editor    = {Michaelis, Susanne Maria; Maurer, Philippe; Haspelmath, Martin; Huber, Magnus},
  pages     = {275--284},
  address   = {Oxford},
}

@Book{Kortmann2013_eWave,
  title     = {The electronic world atlas of varieties of {English}},
  publisher = {Max Planck Institute for Evolutionary Anthropology},
  year      = {2013},
  editor    = {Kortmann, Bernd; Lunkenheimer, Kerstin},
  address   = {Leipzig},
}

@Article{Lass2017_Review,
  author  = {Lass, Roger},
  title   = {Review of \textit{{Exaptation} and language change}, eds. {Muriel} {Norde} \& {Freek} {Van} de {Velde}, {Amsterdam}: {John} {Benjamins}, 2016},
  journal = {Diachronica},
  year    = {2017},
  volume  = {34},
  number  = {1},
  pages   = {117--126},
}

@Article{Lass1990_Junk,
  author  = {Lass, Roger},
  title   = {How to do things with junk: {Exaptation} in language evolution},
  journal = {Journal of Linguistics},
  year    = {1990},
  volume  = {26},
  number  = {1},
  pages   = {79--102},
}

@Article{Lupyan2010_Soc,
  author  = {Lupyan, Gary and Dale, Rick},
  title   = {Language structure is partly determined by social structure},
  journal = {PloS ONE},
  year    = {2010},
  volume  = {5},
  number  = {1},
  pages   = {e8559},
}

@InCollection{Manfredi2013_JubaAr,
  author    = {Manfredi, Stefano; Petrollino, Sara},
  title     = {Juba Arabic structure data set},
  booktitle = {Atlas of pidgin and creole language structures online},
  publisher = {Max Planck Institute for Evolutionary Anthropology},
  year      = {2013},
  editor    = {Michaelis, Susanne Maria; Maurer, Philippe; Haspelmath, Martin; Huber, Magnus},
  address   = {Leipzig},
  note      = {accessed 2 July 2017},
  url       = {http://apics-online.info/contributions/64},
}

@Article{Meyer2008_Whistle,
  author  = {Meyer, Julien},
  title   = {Typology and acoustic strategies of whistled languages: {Phonetic} comparison and perceptual cues of whistled vowels},
  journal = {Journal of the International Phonetic Association},
  year    = {2008},
  volume  = {38},
  number  = {1},
  pages   = {69--94},
}

@PhdThesis{Meyer2005_Whistle,
  author = {Meyer, Julien},
  title  = {Description typologique et intelligibilité des langues sifflées, approche linguistique et bioacoustique},
  school = {Université Lumière Lyon 2},
  year   = {2005},
}

@InCollection{Michaelis2018_GrammCre,
  author    = {Michaelis, Susanne Maria; Haspelmath, Martin},
  title     = {Grammaticalization in creole languages: {Accelerated} functionalization and semantic imitation},
  booktitle = {Handbook of areal patterns of grammaticalization and cross-linguistic variation in grammaticalization scenarios},
  publisher = {De Gruyter Mouton},
  year      = {2018},
  editor    = {Malchukov, Andreij L.; Bisang, Walter},
  address   = {Berlin},
}

@Book{Michaelis2013_AtlCreo,
  title     = {The atlas of pidgin and creole language structures},
  publisher = {Oxford University Press},
  year      = {2013},
  editor    = {Michaelis, Susanne Maria; Maurer, Philippe; Haspelmath, Martin; Huber, Magnus},
  address   = {Oxford},
}

@Article{Napoli2014_Sign,
  author  = {Napoli, Donna Jo and Sanders, Nathan and Wright, Rebecca},
  title   = {On the linguistic effects of articulatory ease, with a focus on sign languages},
  journal = {Language},
  year    = {2014},
  volume  = {90},
  number  = {2},
  pages   = {424--456},
}

@InCollection{NeumannHolzschuh2013_LouisCre,
  author    = {Neumann-Holzschuh, Ingrid; Klingler, Thomas A.},
  title     = {Louisiana {Creole} structure data set},
  booktitle = {Atlas of pidgin and creole language structures online},
  publisher = {Max Planck Institute for Evolutionary Anthropology},
  year      = {2013},
  editor    = {Michaelis, Susanne Maria; Maurer, Philippe; Haspelmath, Martin; Huber, Magnus},
  address   = {Leipzig},
  note      = {accessed 2 July 2017},
  url       = {http://apics-online.info/contributions/53},
}

@Book{Norde2016_Exapt,
  title     = {Exaptation and language change},
  publisher = {John Benjamins},
  year      = {2016},
  editor    = {Norde, Muriel; {Van de Velde}, Freek},
  address   = {Amsterdam; Philadelphia},
}

@Book{Schwarze1988_GrItal,
  title     = {Grammatik der italienischen {Sprache}},
  publisher = {Niemeyer},
  year      = {1988},
  author    = {Schwarze, Christoph},
  address   = {Tübingen},
}

@Misc{Ye2017_Poss,
  author       = {Ye, Jingting},
  title        = {Independent and dependent possessive person forms: {A} cross-linguistic study},
  howpublished = {Paper presented at the {Diversity} linguistics seminar, {Leipzig} {University}},
  month        = {September},
  year         = {2017},
}

@InCollection{Seuren1986_Transp,
  author    = {Seuren, Pieter A. M.; Wekker, Herman},
  title     = {Semantic transparency as a factor in creole genesis},
  booktitle = {Substrata versus universals in creole genesis},
  publisher = {John Benjamins},
  year      = {1986},
  editor    = {Muysken, Pieter; Smith, Norval},
  pages     = {57--70},
  address   = {Amsterdam; Philadelphia},
}

@Book{Dik1989_TheoFun,
  title     = {The theory of functional grammar. {Part} 1: {The} structure of the clause},
  publisher = {Foris},
  year      = {1989},
  author    = {Dik, Simon C.},
  address   = {Dordrecht},
}

@Book{Heath2005_Tama,
  title     = {A grammar of {Tamashek} ({Tuareg} of {Mali})},
  publisher = {Mouton de Gruyter},
  year      = {2005},
  author    = {Heath, Jeffrey},
  address   = {Berlin},
}

@Article{Haiman1978_Cond,
  author  = {Haiman, John},
  title   = {Conditionals are topics},
  journal = {Language},
  year    = {1978},
  volume  = {54},
  number  = {3},
  pages   = {564--589},
  doi     = {10.2307/412787},
}

@InProceedings{Wonnacott2005_Nov,
  author    = {Wonnacott, Elizabeth and Newport, Elissa L.},
  title     = {Novelty and regularization: {The} effect of novel instances on rule formation},
  booktitle = {BUCLD},
  year      = {2005},
  volume    = {29},
  pages     = {663--673},
}

@Article{Gell2011_OrderEv,
  author  = {Gell-Mann, Murray and Ruhlen, Merritt},
  title   = {The origin and evolution of word order},
  journal = {PNAS},
  year    = {2011},
  volume  = {108},
  number  = {42},
  pages   = {17290--17295},
  doi     = {10.1073/pnas.1113716108},
}

@Book{DeHoop2009,
  title     = {Differential subject marking},
  publisher = {Springer},
  year      = {2009},
  editor    = {{de Hoop}, Helen and {de Swart}, Peter},
  address   = {Dordrecht},
}

@Book{Blake2001_Case,
  title     = {Case},
  publisher = {Cambridge University Press},
  year      = {2001},
  author    = {Blake, Barry J.},
  address   = {Cambridge},
  edition   = {2nd},
}

@Book{Bubenik1998_Indo,
  title     = {A historical syntax of late middle {Indo-Aryan} ({Apabrah\d{m}śa)}},
  publisher = {John Benjamins},
  year      = {1998},
  author    = {Bubenik, Vit},
  address   = {Amsterdam; Philadalphia},
}

@InCollection{Chappell2013_SinObj,
  author    = {Chappell, Hilary},
  title     = {Pan-Sinitic object markers: {Morphology} and syntax},
  booktitle = {Breaking down the barriers: {Interdisciplinary} studies in {Chinese} linguistics and beyond},
  publisher = {Academia Sinica},
  year      = {2013},
  pages     = {785--816},
  address   = {Taipei},
}

@Book{Chatterji1926_Beng,
  title     = {The origin and development of the {Bengali} language},
  publisher = {Calcutta University Press},
  year      = {1926},
  author    = {Chatterji, Suniti Kumar},
  address   = {Calcutta},
}

@Book{Corbett2000,
  title     = {Number},
  publisher = {Cambridge University Press},
  year      = {2000},
  author    = {Corbett, Greville C.},
  address   = {Cambridge},
}

@Article{DeLancey1981_Split,
  author  = {{DeLancey}, Scott},
  title   = {An interpretation of split ergativity and related patterns},
  journal = {Language},
  year    = {1981},
  volume  = {57},
  number  = {3},
  pages   = {626--657},
  doi     = {10.2307/414343},
}

@Article{Filimonova2005_NP,
  author  = {Filimonova, Elena},
  title   = {The noun phrase hierarchy and relational marking: {Problems} and counterevidence},
  journal = {Linguistic Typology},
  year    = {2005},
  volume  = {9},
  number  = {1},
  pages   = {77--113},
  doi     = {10.1515/lity.2005.9.1.77},
}

@Article{Fortescue1995_Erg,
  author  = {Fortescue, Michael},
  title   = {The historical source and typological position of ergativity in {Eskimo} languages},
  journal = {Études/Inuit/Studies},
  year    = {1995},
  volume  = {19},
  pages   = {61--75},
}

@Book{Gildea1998_Carib,
  title     = {On reconstructing grammar: {Comparative} {Cariban} morphosyntax},
  publisher = {Oxford University Press},
  year      = {1998},
  author    = {Gildea, Spike},
  address   = {Oxford},
}

@Book{Haig2008_Align,
  title     = {Alignment change in {Iranian} languages: {A} construction grammar approach},
  publisher = {Mouton de Gruyter},
  year      = {2008},
  author    = {Haig, Geoffrey},
  address   = {Berlin; New York},
}

@InCollection{Harris2008_Unus,
  author    = {Harris, Alice C.},
  title     = {On the explanation of typologically unusual structures},
  booktitle = {Linguistic universals and language change},
  publisher = {Oxford University Press},
  year      = {2008},
  editor    = {Good, Jeff},
  pages     = {59--76},
  address   = {Oxford},
}

@Book{Harris1995_Hist,
  title     = {Historical syntax in cross-linguistic perspective},
  publisher = {Cambridge University Press},
  year      = {1995},
  author    = {Harris, Alice C. and Campbell, Lyle},
  address   = {Cambridge},
}

@Article{Haspelmath2006_Mark,
  author  = {Haspelmath, Martin},
  title   = {Against markedness (and what to replace it with)},
  journal = {Journal of linguistics},
  year    = {2006},
  volume  = {42},
  number  = {1},
  pages   = {25--70},
  doi     = {10.1017/S0022226705003683},
}

@InCollection{Haspelmath2013_CaseCre,
  author    = {Haspelmath, Martin; APiCS, Consortium},
  title     = {Alignment of case marking of personal pronouns},
  booktitle = {The atlas of pidgin and creole language structures},
  publisher = {Oxford University Press},
  year      = {2013},
  editor    = {Michaelis, Susanne Maria; Maurer, Philippe; Haspelmath, Martin; Huber, Magnus},
  pages     = {150--153},
  address   = {Oxford},
  note      = {Accessed #},
  url       = {http://apics-online.info/parameters/59},
}

@InCollection{Heine1982_NounCl,
  author    = {Heine, Berns},
  title     = {African noun class systems},
  booktitle = {Apprehension: {Das} sprachliche {Erfassen} von {Gegenständen}, {Teil} {I}: {Bereich} und {Ordnung} der {Phänomene}},
  publisher = {Narr},
  year      = {1982},
  editor    = {Seiler, Hansjakob; Lehmann, Christian},
  pages     = {189--216},
  address   = {Tübingen},
}

@Book{Hercus1982_Bagandji,
  title     = {The {Bagandji} language},
  publisher = {Australian National University},
  year      = {1982},
  author    = {Hercus, Luise Anna},
  address   = {Canberra},
}

@Article{Hombert1980,
  author  = {Hombert, Jean-Marie},
  title   = {Noun classes of the {Beboid} languages},
  journal = {Southern California Occasional Papers in Linguistics},
  year    = {1980},
  volume  = {8},
  pages   = {83--98},
}

@Book{Kakati1962_Asssam,
  title     = {Assamese, its formation and development},
  publisher = {Lawyer's Book Stall},
  year      = {1962},
  author    = {Kakati, Banikanta and Goswami, Golockchandra},
  address   = {Gauhati},
  edition   = {2nd},
}

@Book{Koenig2008_CaseAfr,
  title     = {Case in {Africa}},
  publisher = {Oxford University Press},
  year      = {2008},
  author    = {König, Christa},
  address   = {Oxford},
}

@Article{Li1974_Order,
  author  = {Li, Charles N. and Thompson, Sandra A.},
  title   = {An explanation of word order change {SVO} → {SOV}},
  journal = {Foundations of Language},
  year    = {1974},
  volume  = {12},
  number  = {2},
  pages   = {201--214},
}

@Book{Lord1993_Serial,
  title     = {Historical change in serial verb constructions},
  publisher = {John Benjamins Publishing},
  year      = {1993},
  author    = {Lord, Carol},
  address   = {Amsterdam; Philadelphia},
}

@Article{McGregor2006_Foc,
  author  = {McGregor, William B.},
  title   = {Focal and optional ergative marking in {Warrwa} ({Kimberley}, {Western} {Australia})},
  journal = {Lingua},
  year    = {2006},
  volume  = {116},
  number  = {4},
  pages   = {393--423},
}

@InCollection{McGregor2008_Index,
  author    = {McGregor, William B.},
  title     = {Indexicals as sources of case markers in {Australian} languages},
  booktitle = {Interdependence of diachronic and synchronic analyses},
  publisher = {John Benjamins},
  year      = {2008},
  editor    = {Josephson, Folke; Söhrman, Ingmar},
  pages     = {299--321},
  address   = {Amsterdam; Philadelphia},
}

@Book{McMahon1994_Change,
  title     = {Understanding language change},
  publisher = {Cambridge University Press},
  year      = {1994},
  author    = {McMahon, April A. M. S.},
  address   = {Cambridge},
}

@Book{Mithun1999_NoA,
  title     = {The languages of native {North} {America}},
  publisher = {Cambridge University Press},
  year      = {1999},
  author    = {Mithun, Marianne},
  address   = {Cambridge},
}

@Article{mosse1949manuel,
  author  = {Mossé, F},
  title   = {Manuel de l’anglais du Moyen âge des origines au XIVme siècle. II},
  journal = {Moyen-Anglais. Tome premier: Grammaire et textes. Paris: Aubier},
  year    = {1949},
}

@Book{Mosse1949_Man,
  title     = {Manuel de l’anglais du {moyen} âge des origines au {XIVme} siècle. {II}: {Moyen-Anglais}. {Tome} premier: {Grammaire} et textes},
  publisher = {Aubier},
  year      = {1949},
  author    = {Mossé, Fernand},
  address   = {Paris},
}

@Article{Newmeyer2002_Opt,
  author  = {Newmeyer, Frederick J.},
  title   = {Optimality and functionality: {A} critique of functionally-based optimality-theoretic syntax},
  journal = {Natural Language \& Linguistic Theory},
  year    = {2002},
  volume  = {20},
  number  = {1},
  pages   = {43--80},
}

@Article{Newmeyer2004_UG,
  author  = {Newmeyer, Frederick J.},
  title   = {Typological evidence and universal grammar},
  journal = {Studies in Language},
  year    = {2004},
  volume  = {28},
  number  = {3},
  pages   = {527--548},
}

@InCollection{Nitz2010_Sinh,
  author    = {Nitz, Eike; Nordhoff, Sebastian},
  title     = {Subtractive plural morphology in {Sinhala}},
  booktitle = {Rara \& {Rarissima}: {Collecting} and iinterpreting unusual characteristics of human languages},
  publisher = {Mouton de Gruyter},
  year      = {2010},
  editor    = {Wohlgemuth, Jan; Cysouw, Michael},
  pages     = {247--66},
  address   = {Berlin; New York},
}

@InCollection{Pensado1995,
  author    = {Pensado, Carmen},
  title     = {La creatión del complemento directo prepositional y la flexión de los pronombres personales en las lenguas románicas},
  booktitle = {El complemento directo preposicional},
  publisher = {Visor Libros},
  year      = {1995},
  editor    = {Pensado, Carmen},
  pages     = {179--233},
  address   = {Madrid},
}

@Book{Rohlfs1984_Rom,
  title     = {Von {Rom} zur {Romania}: {Aspekte} und {Probleme} romanischer {Sprachgeschichte}},
  publisher = {Narr},
  year      = {1984},
  author    = {Rohlfs, Gerhard},
  address   = {Tübingen},
}

@Book{Sapir1930-1931_Pai,
  title     = {The {Southern} {Paiute} {language}},
  publisher = {American Academy of Arts and Sciences},
  year      = {1930-1931},
  author    = {Sapir, Edward},
  address   = {Boston},
}

@Book{Seiler1985_Imo,
  title     = {Imonda, a {Papuan} language},
  publisher = {Australian National University},
  year      = {1985},
  author    = {Seiler, Walter},
  address   = {Canberra},
}

@InCollection{Silverstein1976_Hier,
  author    = {Silverstein, Michael},
  title     = {Hierarchy of features and ergativity},
  booktitle = {Grammatical categories in {Australian} languages},
  publisher = {Australian Institute of Aboriginal Studies},
  year      = {1976},
  editor    = {Dixon, R. M. W.},
  pages     = {112--171},
  address   = {Canberra},
}

@InCollection{Slobin2002_Paral,
  author    = {Slobin, Dan I.},
  title     = {Language evolution, acquisition and diachrony: {Probing} the parallels},
  booktitle = {The evolution of language out of pre-language},
  publisher = {John Benjamins},
  year      = {2002},
  editor    = {Givón, Talmy; Malle, Betram F.},
  pages     = {375--392},
  address   = {Amsterdam; Philadelphia},
}

@Book{Traugott2002_SemCh,
  title     = {Regularity in semantic change},
  publisher = {Cambridge University Press},
  year      = {2002},
  author    = {Traugott, Elizabeth Closs; Dasher, Richard B.},
  address   = {Cambridge},
}

@Book{Yadav1996_Mait,
  title     = {A reference grammar of {Maithili}},
  publisher = {Mouton de Gruyter},
  year      = {1996},
  author    = {Yadav, Ramawatar},
  address   = {Berlin},
}

@InProceedings{Mithun2005_Erg,
  author    = {Mithun, Marianne},
  title     = {Ergativity and language contact on the {Oregon} {Coast}: {Alsea}, {Siuslaw} and {Coos}},
  booktitle = {Annual {Meeting} of the {Berkeley} {Linguistics} {Society}},
  year      = {2005},
  volume    = {26},
  number    = {2},
  pages     = {77--95},
}

@InCollection{Steinkrueger2013_Chab,
  author    = {Steinkrüger, Patrick O.},
  title     = {Zamboanga {Chabacano}},
  booktitle = {The survey of pidgin and creole languages. {Volume} 2: {Portuguese}-based, {Spanish}-based and {French}-based languages},
  publisher = {Oxford University Press},
  year      = {2013},
  editor    = {Michaelis, Susanne Maria; Maurer, Philippe; Haspelmath, Martin; Huber, Magnus},
  pages     = {156--162},
  address   = {Oxford},
}

@Article{Kirby2008_Cum,
  author  = {Kirby, Simon and Cornish, Hannah and Smith, Kenny},
  title   = {Cumulative cultural evolution in the laboratory: {An} experimental approach to the origins of structure in human language},
  journal = {PNAS},
  year    = {2008},
  volume  = {105},
  number  = {31},
  pages   = {10681--10686},
  doi     = {10.1073/pnas.0707835105},
}

@InCollection{Ogloblin2005_Javanese,
  author    = {Ogloblin, Alexander K.},
  title     = {Javanese},
  booktitle = {The {Austronesian} languages of {Asia} and {Madagascar}},
  publisher = {Routledge},
  year      = {2005},
  editor    = {Adelaar, Alexander; Himmelmann, Nikolaus P.},
  pages     = {590--624},
  address   = {London; New York},
}

@InCollection{Himmelmann2005_Austronesian,
  author    = {Himmelmann, Nikolaus P.},
  title     = {The {Austronesian} languages of {Asia} and {Madagascar}: {Typological} characteristics},
  booktitle = {The {Austronesian} languages of {Asia} and {Madagascar}},
  publisher = {Routledge},
  year      = {2005},
  editor    = {Adelaar, Alexander; Himmelmann, Nikolaus P.},
  pages     = {110--181},
  address   = {London; New York},
}

@InCollection{Adelaar2005_Austronesian,
  author    = {Adelaar, Alexander},
  title     = {The {Austronesian} languages of {Asia} and {Madagascar}: {A} historical perspective},
  booktitle = {The {Austronesian} languages of {Asia} and {Madagascar}},
  publisher = {Routledge},
  year      = {2005},
  editor    = {Adelaar, Alexander; Himmelmann, Nikolaus P.},
  pages     = {1--42},
  address   = {London; New York},
}

@Book{Baker2001_Atoms,
  title     = {The atoms of language: {The} mind’s hidden rules of grammar},
  publisher = {Basic Books},
  year      = {2001},
  author    = {Baker, Mark C.},
  address   = {New York},
}

@Book{Bodomo1997_Dagaare,
  title     = {The structure of {Dagaare}},
  publisher = {CSLI publications},
  year      = {1997},
  author    = {Bodomo, Adams},
  address   = {Stanford},
}

@Article{Bordet2010_EngPrep,
  author  = {Bordet, Lucile; Jamet, Denis},
  title   = {Are {English} prepositions grammatical or lexical morphemes?},
  journal = {Cercles: Occasional Papers},
  year    = {2010},
  pages   = {1--26},
}

@Article{Bybee2002_Sequentiality,
  author  = {Bybee, Joan L.},
  title   = {Sequentiality as the basis of constituent structure},
  journal = {Typological Studies in Language},
  year    = {2002},
  volume  = {53},
  pages   = {109--134},
}

@InCollection{Clark2008_Order,
  author    = {Clark, Brady and Goldrick, Matthew and Konopka, Kenneth},
  title     = {Language change as a source of word order correlations},
  booktitle = {Variation, selection, development: {Probing} the evolutionary model of language change},
  publisher = {Mouton de Gruyter},
  year      = {2008},
  editor    = {Eckardt, Regine; Jäger, Gerhard; Veenstra, Tonjes},
  pages     = {75--102},
  address   = {Berlin; New York},
}

@InCollection{Claudi1994_Order,
  author    = {Claudi, Ulrike},
  title     = {Word order change as category change: The {Mande} case},
  booktitle = {Perspectives on grammaticalization},
  publisher = {John Benjamins},
  year      = {1994},
  editor    = {Pagliuca, William},
  pages     = {191--231},
}

@InCollection{Collins2012_Correlations,
  author    = {Collins, Jeremy},
  title     = {The evolution of the {Greenbergian} word order correlations},
  booktitle = {The evolution of language: 9th {international} {conference}},
  publisher = {World Scientific},
  year      = {2012},
  editor    = {Scott-Phillips, Thomas C. and Tamariz, Mónica and Cartmill, Erica A. and Hurford, James R.},
  pages     = {72--79},
  address   = {Singapore},
}

@Misc{Collins2016_Blog,
  author       = {Collins, Jeremy},
  title        = {Some language universals are historical accidents},
  howpublished = {Blogpost at {Humans} {Who} {Read} {Grammars}. http://humans-who-read-grammars.blogspot. co.uk/2016/08/some-language-universals-are-historical.html},
  year         = {2016},
}

@Article{Croft2011_DiachrStats,
  author  = {Croft, William and Bhattacharya, Tanmoy and Kleinschmidt, Dave and Smith, D. Eric and Jaeger, T. Florian},
  title   = {Greenbergian universals, diachrony, and statistical analyses},
  journal = {Linguistic Typology},
  year    = {2011},
  volume  = {15},
  number  = {2},
  pages   = {433--453},
}

@InCollection{DeLancey1997_Gradience,
  author    = {{DeLancey}, Scott},
  title     = {Grammaticalization and the gradience of categories: {Relator} nouns and postpositions in {Tibetan} and {Burmese}},
  booktitle = {Essays on language function and language type},
  publisher = {John Benjamins},
  year      = {1997},
  editor    = {Bybee, Joan L.; Haiman, John; Thompson, Sandra A.},
  pages     = {51--69},
  address   = {Amsterdam; Philadelphia},
}

@InCollection{DeLancey2011_Nominalization,
  author    = {{DeLancey}, Scott},
  title     = {Finite structures from clausal nominalization in {Tibeto-Burman}},
  booktitle = {Nominalization in {Asian} languages: {Diachronic} and typological perspectives, {Vol}. 1},
  publisher = {John Benjamins},
  year      = {2011},
  editor    = {Yap, Foong Ha; Grunow-Hårsta,Karen; Wrona, Janick},
  pages     = {343--360},
  address   = {Amsterdam; Philadelphia},
}

@Book{Deutscher2005_Unfolding,
  title     = {The unfolding of language},
  publisher = {Random House},
  year      = {2005},
  author    = {Deutscher, Guy},
  address   = {London},
}

@Book{Dixon2002_Australian,
  title     = {Australian languages: {Their} nature and development},
  publisher = {Cambridge University Press},
  year      = {2002},
  author    = {Dixon, R.M.W.},
  address   = {Cambridge},
}

@Article{Dryer2011_Correlations,
  author  = {Dryer, Matthew S.},
  title   = {The evidence for word order correlations},
  journal = {Linguistic},
  year    = {2011},
  volume  = {15},
  number  = {2},
  pages   = {335--380},
}

@InCollection{Fischer1992_Syntax,
  author    = {Fischer, Olga},
  title     = {Syntax},
  booktitle = {The {Cambridge} history of the {English} language, {Vol}. 2: 1066--1476},
  publisher = {Cambridge University Press},
  year      = {1992},
  editor    = {Blake, Norman},
  pages     = {207--408},
  address   = {Cambridge},
}

@InCollection{Fischer2006_Syntax,
  author    = {Fischer, Olga; {van der Wurff}, Wim},
  title     = {Syntax},
  booktitle = {A history of the {English} language},
  publisher = {Cambridge University Press},
  year      = {2006},
  editor    = {Hogg, Richard; Denison, David},
  pages     = {109--198},
  address   = {Cambridge},
}

@Book{Frellesvig2010_Jap,
  title     = {A history of the {Japanese} language},
  publisher = {Cambridge University Press},
  year      = {2010},
  author    = {Frellesvig, Bjarke},
  address   = {Cambridge},
}

@InCollection{Gildea1997,
  author    = {Gildea, Spike},
  title     = {Introducing ergative word order via reanalysis: {Word} order change in the {Cariban} family},
  booktitle = {Essays on language function and language type},
  publisher = {John Benjamins},
  year      = {1997},
  editor    = {Bybee, Joan L.; Haiman, John; Thompson, Sandra A.},
  pages     = {145--163},
  address   = {Amsterdam; Philadelphia},
}

@InProceedings{Givon1971_Historical,
  author    = {Givón, Talmy},
  title     = {Historical syntax and synchronic morphology: {An} archaeologist’s field trip},
  booktitle = {Chicago {L}inguistic {s}ociety},
  year      = {1971},
  volume    = {7},
  pages     = {394--415},
}

@Book{Heine2007_Genesis,
  title     = {The genesis of grammar: {A} reconstruction},
  publisher = {Oxford University Press},
  year      = {2007},
  author    = {Heine, Bernd; Kuteva, Tania},
  address   = {Oxford},
}

@Book{Heine2002_Lexicon,
  title     = {World lexicon of grammaticalization},
  publisher = {Cambridge University Press},
  year      = {2002},
  author    = {Heine, Bernd; Kuteva, Tania},
  address   = {Cambridge},
}

@Article{Kaufman2009_Austronesian,
  author  = {Kaufman, Daniel},
  title   = {Austronesian nominalism and its consequences: {A} {Tagalog} case study},
  journal = {Theoretical Linguistics},
  year    = {2009},
  volume  = {35},
  number  = {1},
  pages   = {1--49},
}

@Book{Kirby1999_Function,
  title     = {Function, selection, and innateness: {The} emergence of language universals},
  publisher = {Oxford University Press},
  year      = {1999},
  author    = {Kirby, Simon},
  address   = {Oxford},
}

@InProceedings{Kirby1997_Learn,
  author    = {Kirby, Simon and Hurford, James R.},
  title     = {Learning, culture and evolution in the origin of linguistic constraints},
  booktitle = {Fourth {European} {Conference} on {Artificial} {Life}},
  year      = {1997},
  editor    = {Husbands, Phil and Harvey, Inman},
  pages     = {493--502},
  address   = {Cambridge, MA; London},
  publisher = {The MIT Press},
}

@Book{Lynch2002,
  title     = {The {Oceanic} languages},
  publisher = {Routledge},
  year      = {2002},
  author    = {Lynch, John; Ross, Malcolm; Crowley, Terry},
  address   = {London},
}

@Book{Pinker1994,
  title     = {The language instinct: {How} the mind creates language},
  publisher = {HarperCollins},
  year      = {1994},
  author    = {Pinker, Steven},
  address   = {New York},
}

@Book{Roberts2007_DiaSyntax,
  title     = {Diachronic syntax},
  publisher = {Oxford University Press},
  year      = {2007},
  author    = {Roberts, Ian},
  address   = {Oxford},
}

@Article{Roberts2013_Diversity,
  author  = {Roberts, Seán and Winters, James},
  title   = {Linguistic diversity and traffic accidents: {Lessons} from statistical studies of cultural traits},
  journal = {PloS one},
  year    = {2013},
  volume  = {8},
  number  = {8},
  pages   = {e70902},
}

@Article{Sasse2009_nominalism,
  author  = {Sasse, Hans-Jürgen},
  title   = {Nominalism in {Austronesian}: {A} historical typological perspective},
  journal = {Theoretical Linguistics},
  year    = {2009},
  volume  = {35},
  number  = {1},
  pages   = {167--181},
}

@InCollection{Shinzato2011_Okinawan,
  author    = {Shinzato, Rumiko},
  title     = {Nominalization in {Okinawan}: {From} a diachronic and comparative perspective},
  booktitle = {Nominalization in {Asian} languages: {Diachronic} and typological perspectives, {Vol}. 1},
  publisher = {John Benjamins},
  year      = {2011},
  editor    = {Yap, Foong Ha; Grunow-Hårsta,Karen; Wrona, Janick},
  pages     = {445--472},
  address   = {Amsterdam; Philadelphia},
}

@InProceedings{Starosta1982,
  author    = {Starosta, Stanley; Pawley, Andrew K.; Reid, Lawrence},
  title     = {The evolution of focus in {Austronesian}},
  booktitle = {Papers from the {Third} {International} {Conference} on {Austronesian} {Linguistics}, {Vol}. 2: {Tracking} the travellers},
  year      = {1982},
  editor    = {Halim, Amran; Carrington, Lois; Wurm, Stephen},
  pages     = {145--170},
  address   = {Canberra},
  publisher = {Pacific Linguistics},
}

@InProceedings{VanEverbroeck1999_Freq,
  author    = {{V}an Everbroeck, Ezra},
  title     = {Language type frequency and learnability: {A} connectionist appraisal},
  booktitle = {Proceedings of the 21st {Annual} {Conference} of the {Cognitive} {Science} {Society}, {Vancouver}, {British Columbia}, {Canada}},
  year      = {1999},
  editor    = {Hahn, Martin; Stoness, Scott C.},
  pages     = {755--60},
  address   = {Mahwah, NJ},
  publisher = {Erlbaum},
}

@Book{Yap2011_NomlEds,
  title     = {Nominalization in {Asian} languages: {Diachronic} and typological perspectives, {Vol}. 1.},
  publisher = {John Benjamins},
  year      = {2011},
  editor    = {Yap, Foong Ha; Grunow-Hårsta, Karen; Wrona, Janick},
  address   = {Amsterdam, Philadelphia},
}

@InCollection{Kirby2003_Evol,
  author    = {Kirby, Simon; Christiansen, Morten H.},
  title     = {From language learning to language evolution},
  booktitle = {Language evolution},
  publisher = {Oxford University Press},
  year      = {2003},
  editor    = {Christiansen, Morten H.; Kirby, Simon},
  pages     = {272--294},
  address   = {Oxford},
}

@InCollection{Koch1995,
  author    = {Koch, Harold},
  title     = {The creation of morphological zeroes},
  booktitle = {Yearbook of Morphology 1994},
  publisher = {Springer},
  year      = {1995},
  editor    = {Booij, Geert; van Marle, Jaap},
  pages     = {31-71},
  address   = {Dordrecht},
}

@Book{Bauer1993_Mao,
  title     = {Maori},
  publisher = {Routledge},
  year      = {1993},
  author    = {Bauer, Winifred},
  address   = {Abingdon; New York},
}

@Book{Enfield2014_Caus,
  title     = {Natural causes of language: {Frames}, biases, and cultural transmission},
  publisher = {Language Science Press},
  year      = {2014},
  author    = {Enfield, N. J.},
  address   = {Berlin},
}

@Article{Norcliffe2015_Psych,
  author  = {Norcliffe, Elizabeth; Harris, Alice C.; Jaeger, T. Florian},
  title   = {Cross-linguistic psycholinguistics and its critical role in theory development: early beginnings and recent advances},
  journal = {Language, Cognition and Neuroscience},
  year    = {2015},
  volume  = {30},
  number  = {9},
  pages   = {1009--1032},
  doi     = {10.1080/23273798.2015.1080373},
}

@Article{Haig2018_DOI,
  author  = {Haig, Geoffrey},
  title   = {The grammaticalization of object pronouns: {Why} differential object indexing is an attractor state},
  journal = {Linguistics},
  year    = {2018},
  volume  = {56},
  number  = {4},
  pages   = {781--818},
  doi     = {https://doi.org/10.1515/ling-2018-0011},
}

@Article{Caldwell2008_Cult,
  author  = {Caldwell, Christine A.},
  title   = {Convergent cultural evolution may explain linguistic universals},
  journal = {Behavioral and Brain Sciences},
  year    = {2008},
  volume  = {31},
  number  = {5},
  pages   = {515--516},
  doi     = {doi:10.1017/S0140525X08005050},
}

@InCollection{Colot2013_Martinican,
  author    = {Colot, Serge; Ludwig, Ralph},
  title     = {Martinican Creole structure dataset},
  booktitle = {Atlas of pidgin and creole language structures online},
  publisher = {Max Planck Institute for Evolutionary Anthropology},
  year      = {2013},
  editor    = {Michaelis, Susanne Maria; Maurer, Philippe; Haspelmath, Martin; Huber, Magnus},
  address   = {Leipzig},
  note      = {accessed 2 July 2017},
  url       = {http://apics-online.info/contributions/49},
}

@InCollection{Luffin2013_Kinubi,
  author    = {Luffin, Xavier},
  title     = {Kinubi structure dataset},
  booktitle = {Atlas of pidgin and creole language structures online},
  publisher = {Max Planck Institute for Evolutionary Anthropology},
  year      = {2013},
  editor    = {Michaelis, Susanne Maria; Maurer, Philippe; Haspelmath, Martin; Huber, Magnus},
  address   = {Leipzig},
  note      = {accessed 2 July 2017},
  url       = {http://apics-online.info/contributions/63},
}

@InCollection{Maurer2013_Angolar,
  author    = {Maurer, Philippe},
  title     = {Angolar structure dataset},
  booktitle = {Atlas of pidgin and creole language structures online},
  publisher = {Max Planck Institute for Evolutionary Anthropology},
  year      = {2013},
  editor    = {Michaelis, Susanne Maria; Maurer, Philippe; Haspelmath, Martin; Huber, Magnus},
  address   = {Leipzig},
  note      = {accessed 2 July 2017},
  url       = {http://apics-online.info/contributions/36},
}

@InCollection{Meyerhoff2013_Bislama,
  author    = {Meyerhoff, Miriam},
  title     = {Bislama structure dataset},
  booktitle = {Atlas of pidgin and creole language structures online},
  publisher = {Max Planck Institute for Evolutionary Anthropology},
  year      = {2013},
  editor    = {Michaelis, Susanne Maria; Maurer, Philippe; Haspelmath, Martin; Huber, Magnus},
  address   = {Leipzig},
  note      = {accessed 2 July 2017},
  url       = {http://apics-online.info/contributions/23},
}

@InCollection{Schwegler2013_Palenquero,
  author    = {Schwegler, Armin},
  title     = {Palenquero structure dataset},
  booktitle = {Atlas of pidgin and creole language structures online},
  publisher = {Max Planck Institute for Evolutionary Anthropology},
  year      = {2013},
  editor    = {Michaelis, Susanne Maria; Maurer, Philippe; Haspelmath, Martin; Huber, Magnus},
  address   = {Leipzig},
  note      = {accessed 2 July 2017},
  url       = {http://apics-online.info/contributions/48},
}

@InCollection{Yakpo2013_Pichi,
  author    = {Yakpo, Kofi},
  title     = {Pichi structure dataset},
  booktitle = {Atlas of pidgin and creole language structures online},
  publisher = {Max Planck Institute for Evolutionary Anthropology},
  year      = {2013},
  editor    = {Michaelis, Susanne Maria; Maurer, Philippe; Haspelmath, Martin; Huber, Magnus},
  address   = {Leipzig},
  note      = {accessed 2 July 2017},
  url       = {http://apics-online.info/contributions/19},
}

@Article{Holland2006_CAS,
  author  = {Holland, John H.},
  title   = {Studying complex adaptive systems},
  journal = {Journal of Systemic Science and Complexity},
  year    = {2006},
  volume  = {19},
  pages   = {1--8},
}

@Book{Cooper1999_Attr,
  title     = {Linguistic attractors: {The} cognitive dynamics of language acquisition and change},
  publisher = {John Benjamins},
  year      = {1999},
  author    = {Cooper, David L.},
  address   = {Amsterdam; Philadelphia},
}

@Article{Lehmann1986_GramTyp,
  author  = {Lehmann, Christian},
  title   = {Grammaticalization and linguistic typology},
  journal = {General Linguistics},
  year    = {1986},
  volume  = {3},
  pages   = {3--22},
}

@InCollection{Dryer2005_Rel,
  author    = {Dryer, Matthew S.},
  title     = {Relationship between the order of object and verb and the order of relative clause and noun},
  booktitle = {The world atlas of language structures},
  publisher = {Oxford University Press},
  year      = {2005},
  editor    = {Haspelmath, Martin; Dryer, Matthew S.; Comrie, Bernard; Gil, David},
  pages     = {390--393},
  address   = {Oxford},
}

@InCollection{Ebert1991_Gramm,
  author    = {Ebert, Karen H.},
  title     = {Vom verbum dicendi zur {Konjunktion} -- ein {Kapitel} universaler {Grammatikalisierung}},
  booktitle = {Von {Europa} bis {Ozeanien}, von der {Antonymie} zum {Relativsatz}: {Gedenkschrift} für {Meinrad} {Scheller}},
  publisher = {Universität Zürich},
  year      = {1991},
  editor    = {Bisang, Walter; Rinderknecht, Peter},
  pages     = {75--95},
  address   = {Zürich},
}

@Book{Fraizyngier1996_Chad,
  title     = {Grammaticalization of the complex sentence: {A} case study in {Chadic}},
  publisher = {John Benjamins},
  year      = {1996},
  author    = {Fraizyngier, Zygmunt},
  address   = {Amsterdam; Philadelphia},
}

@Article{Hasher1984_Proc,
  author  = {Hasher, Lynn; Zacks, Rose T.},
  title   = {Automatic processing of fundamental information: {The} case of frequency of occurrence},
  journal = {American Psychologist},
  year    = {1984},
  volume  = {39},
  number  = {12},
  pages   = {1372--1388},
}

@Article{Krifka1985_Hawk,
  author  = {Krifka, Manfred},
  title   = {Harmony or consistency? Review of John A. Hawkins, Word Order Universals},
  journal = {Theoretical Linguistics},
  year    = {1985},
  volume  = {12},
  number  = {1},
  pages   = {73--94},
}

@InCollection{Li1974_Chin,
  author    = {Li, Charles N.; Thompson, Sandra A.},
  title     = {Historical change of word order: {A} case study in {Chinese} and its implications},
  booktitle = {Historical Linguistics, {Vol}. 1},
  publisher = {North Holland},
  year      = {1974},
  editor    = {Anderson, John M.; Jones, Charles},
  pages     = {199--217},
  address   = {Amsterdam},
}

@Book{Bybee2001_Phon,
  title     = {Phonology and language use},
  publisher = {Cambridge University Press},
  year      = {2001},
  author    = {Bybee, Joan},
  address   = {Cambridge},
}

@Article{Bybee1997_Freq,
  author  = {Bybee, Joan; Thompson, Sandra A.},
  title   = {Three frequency effects in syntax},
  journal = {Berkeley Linguistics Society},
  year    = {1997},
  volume  = {23},
  pages   = {378--388},
}

@Article{Christiansen2008_Brain,
  author  = {Christiansen, Morten H.; Chater, Nick},
  title   = {Language as shaped by the brain},
  journal = {Behavioral and Brain Sciences},
  year    = {2008},
  volume  = {31},
  number  = {5},
  pages   = {489--509},
}

@Misc{Cristofaro2015_Freq,
  author       = {Cristofaro, Sonia},
  title        = {Synchronic vs. diachronic explanations of typological universals: {Redefining} the role of frequency},
  howpublished = {Paper presented at the {Diversity} {Linguistics} {Conference}, {MPI} {Leipzig}},
  month        = {May},
  year         = {2015},
  note         = {last accessed 19 February 2018s},
  url          = {< https://www.eva.mpg.de/fileadmin/content_files/linguistics/conferences/2015-diversity-linguistics/Cristoforo_handout.pdf>},
}

@Article{Detges2002_Gramm,
  author  = {Detges, Ulrich; Waltereit, Richard},
  title   = {Grammaticalization vs. reanalysis: {A} semantic-pragmatic account of functional change in grammar},
  journal = {Zeitschrift für Sprachwissenschaft},
  year    = {2002},
  volume  = {21},
  number  = {2},
  pages   = {151--195},
}

@InCollection{Diessel2011_Acq,
  author    = {Diessel, Holger},
  title     = {Grammaticalization and language acquisition},
  booktitle = {Handbook of grammaticalization},
  publisher = {Oxford University Press},
  year      = {2011},
  editor    = {Heine, Bernd; Narrog, Heiko},
  pages     = {130--141},
  address   = {Oxford},
}

@InCollection{Eckardt2009_APO,
  author    = {Eckardt, Regine},
  title     = {{APO}: Avoid pragmatic overload},
  booktitle = {Current trends in diachronic semantics and pragmatics},
  publisher = {Emerald},
  year      = {2009},
  editor    = {Hansen, Maj-Britt Mosegaard; Visconti, Jacqueline},
  pages     = {21--41},
  address   = {Bingley},
}

@Article{Gast2017_Para,
  author  = {Gast, Volker},
  title   = {Paradigm change and language contact: {A} framework of analysis and some speculation about the underlying cognitive processes},
  journal = {JournaLIPP},
  year    = {2017},
  volume  = {5},
  pages   = {49--70},
}

@Article{Grossman2016_Rarum,
  author  = {Grossman, Eitan},
  title   = {From rarum to rarissimum: {An} unexpected zero person marker},
  journal = {Linguistic Typology},
  year    = {2016},
  volume  = {20},
  number  = {1},
  pages   = {1--23},
}

@Article{Grossman2018_Adv,
  author  = {Grossman, Eitan; Jacques, Guillaume; Antonov, Anton},
  title   = {A cross-linguistic rarity in synchrony and diachrony: {Adverbial} subordinator prefixes exist},
  journal = {STUF -- Language Typology and Universals},
  year    = {2018},
  volume  = {#},
  number  = {#},
  pages   = {--},
}

@Article{Hansen2006_GCI,
  author  = {Hansen, Maj-Britt Mosegaard; Waltereit, Richard},
  title   = {{GCI} theory and language change},
  journal = {Acta Linguistica Hafniensia},
  year    = {2006},
  volume  = {38},
  number  = {1},
  pages   = {235--268},
}

@Article{Jacques2011_Fric,
  author  = {Jacques, Guillaume},
  title   = {A panchronic study of aspirated fricatives, with new evidence from {Pumi}},
  journal = {Lingua},
  year    = {2011},
  volume  = {121},
  number  = {9},
  pages   = {1518–1538},
}

@Book{Matras2009_Cont,
  title     = {Language contact},
  publisher = {Cambridge University Press},
  year      = {2009},
  author    = {Matras, Yaron},
  address   = {Cambridge},
}

@Book{Meisel2013_Change,
  title     = {Language acquisition and change: {A} morphosyntactic perspective},
  publisher = {Edinburgh University Press},
  year      = {2013},
  author    = {Meisel, Jürgen M.; Elsig, Martin; Rinke, Esther},
  address   = {Edinburgh},
}

@Book{Nichols1992_Div,
  title     = {Linguistic diversity in space and time},
  publisher = {University of Chicago Press},
  year      = {1992},
  author    = {Nichols, Johanna},
  address   = {Chicago},
}

@InCollection{Nichols2003_Stab,
  author    = {Nichols, Johanna},
  title     = {Diversity and stability in language},
  booktitle = {Handbook of historical linguistics},
  publisher = {Blackwell},
  year      = {2003},
  editor    = {Joseph, Brian D.; Janda, Richard D.},
  pages     = {283--310},
  address   = {Oxford},
}

@Article{Nikolaev2018_Aff,
  author  = {Nikolaev, Dmitry; Grossman, Eitan},
  title   = {Areal sound change and the distributional typology of affricate richness in {Eurasia}},
  journal = {Studies in Language},
  year    = {2018},
  volume  = {42},
  number  = {3},
  pages   = {562–599},
}

@InCollection{Ohala2003_Hist,
  author    = {Ohala, John J.},
  title     = {Phonetics and historical phonology},
  booktitle = {Handbook of historical linguistics},
  publisher = {Blackwell},
  year      = {2003},
  editor    = {Joseph, Brian D.; Janda, Richard D.},
  pages     = {669–686},
  address   = {Oxford},
}

@InCollection{Pierrehumbert2001_Ex,
  author    = {Pierrehumbert, Janet B.},
  title     = {Exemplar dynamics: {Word} frequency, lenition and contrast},
  booktitle = {Frequency and the emergence of linguistic structure},
  publisher = {John Benjamins},
  year      = {2001},
  editor    = {Joan Bybee; Hopper, Paul J.},
  pages     = {137--157},
  address   = {Amsterdam; Philadelphia},
}

@Article{Rosemeyer2017_Aux,
  author  = {Rosemeyer, Malte; Grossman, Eitan},
  title   = {The road to auxiliariness: {The} grammaticalization of FINISH anteriors in Spanish},
  journal = {Diachronica},
  year    = {2017},
  volume  = {34},
  number  = {4},
  pages   = {516–558},
}

@InCollection{Schwenter2009_Pres,
  author    = {Schwenter, Scott A.; Waltereit, Richard},
  title     = {Presupposition accommodation and language change},
  booktitle = {Subjectification, intersubjectification and grammaticalization},
  publisher = {Mouton de Gruyter},
  year      = {2009},
  editor    = {Davidse, Kristin; Vandelanotte, Lieven; Cuyckens, Hubert},
  pages     = {75--102},
  address   = {Berlin; New York},
}

@Article{Timberlake2003_Rev,
  author  = {Timberlake, Alan},
  title   = {Review of "{G.C.} {Corbett}: {Number} (2000)" and of "{G.} {Senft} (ed.): {Systems} of nominal classification (2000)"},
  journal = {Journal of Linguistics},
  year    = {2003},
  volume  = {29},
  pages   = {189–195},
  doi     = {10.1017/S002222670225197X},
}

@Book{Ashton1947,
  title     = {Swahili grammar (including intonation)},
  publisher = {Longman, Green \& Co.},
  year      = {1947},
  author    = {Ashton, Ethel O.},
  address   = {London},
  edition   = {2nd},
}

@Book{Bowden2001_Taba,
  title     = {Taba: {d}escription of a {S}outh {H}almahera language},
  publisher = {Pacific Linguistics},
  year      = {2001},
  author    = {Bowden, John},
}

@Book{Bradshaw2005_Jabem,
  title     = {Otto {D}empwolff’s grammar of the {J}abêm language in {N}ew {G}uinea},
  publisher = {University of Hawai’i Press},
  year      = {2005},
  author    = {Bradshaw, Joel; Czobor, Fracisc},
  address   = {Hawai'i},
}

@Book{Collins2014_Hoa,
  title     = {A grammar of {ǂHȍã} with vocabulary, recorded utterances and oral texts},
  publisher = {Rüdiger Köppe},
  year      = {2014},
  author    = {Collins, Chris; Gruber, Jeff},
  address   = {Cologne},
}

@Book{Collins2011_Nuuki,
  title     = {A grammatical sketch of {N}|uuki with stories},
  publisher = {Rüdiger Köppe},
  year      = {2011},
  author    = {Collins, Chris; Namaseb, Levi},
  address   = {Cologne},
}

@InProceedings{DeLancey1994_Gramm,
  author    = {{DeLancey}, Scott},
  title     = {Grammaticalization and linguistic theory},
  booktitle = {Proceedings of the 1993 {M}id-{A}merica {L}inguistics {C}onference and {C}onference on {S}iouan/{C}addoan {L}anguages},
  year      = {1994},
  pages     = {1--22},
  address   = {Boulder},
  publisher = {Dept. of Linguistics, University of Colorado},
}

@Book{Dempwolff1939_Jabem,
  title     = {Grammatik der {J}abêm-{S}prache auf {N}euguinea},
  publisher = {Friederichsen, de Gruyter},
  year      = {1939},
  author    = {Dempwolff, Otto},
  address   = {Hamburg},
}

@PhdThesis{Dorvlo2008_Logba,
  author = {Dorvlo, Kofi},
  title  = {A grammar of {L}ogba ({I}kpana)},
  school = {Leiden University},
  year   = {2008},
}

@Article{Dryer1989_Areas,
  author  = {Dryer, Matthew S.},
  title   = {Large linguistic areas and language sampling},
  journal = {Studies in Language},
  year    = {1989},
  volume  = {13},
  number  = {2},
  pages   = {257--292},
}

@Article{Dryer1997_Six,
  author  = {Dryer, Matthew S},
  title   = {On the six-way word order typology},
  journal = {Studies in Language},
  year    = {1997},
  volume  = {21},
  number  = {1},
  pages   = {69--103},
}

@InCollection{Dryer2010_Africa,
  author    = {Dryer, Matthew S.},
  title     = {Noun-modifier order in Africa},
  booktitle = {Geographical typology and linguistic areas: with special reference to {A}frica},
  publisher = {John Benjamins},
  year      = {2010},
  editor    = {Hieda, Osamu; König, Christa; Nakagawa, Hirosi},
  pages     = {287--311},
  address   = {Amsterdam; Philadelphia},
}

@Article{Dryer2013_Six2,
  author  = {Dryer, Matthew S.},
  title   = {Against the six-way order typology, again},
  journal = {Studies in Language},
  year    = {2013},
  volume  = {37},
  number  = {2},
  pages   = {267--301},
}

@Article{Dryer2014_Art,
  author  = {Dryer, Matthew S.},
  title   = {Competing methods for uncovering linguistic diversity: {T}he case of definite and indefinite articles ({C}ommentary on {D}avis, {G}illon \& {M}atthewson)},
  journal = {Language},
  year    = {2014},
  volume  = {90},
  number  = {4},
  pages   = {e232--e249},
}

@Book{Givon2001_Syn1,
  title     = {Syntax: {An} introduction. {Vol.} {I}},
  publisher = {John Benjamins},
  year      = {2001},
  author    = {Givón, Talmy},
  address   = {Amsterdam; Philadelphia},
}

@Book{Givon2011_Ute,
  title     = {Ute reference grammar},
  publisher = {John Benjamins},
  year      = {2011},
  author    = {Givón, Talmy},
  address   = {Amsterdam; Philadelphia},
}

@Book{Hamel1994_Loniu,
  title     = {A grammar and lexicon of {L}oniu, {P}apua {N}ew {G}uinea},
  publisher = {Pacific Linguistics},
  year      = {1994},
  author    = {Hamel, Patricia J.},
  address   = {Canberra},
}

@Book{Heath1999_Koyra,
  title     = {A grammar of {K}oyra {C}hiini: the {S}onghay of {T}imbuktu},
  publisher = {Mouton de Gruyter},
  year      = {1999},
  author    = {Heath, Jeffrey},
  address   = {Berlin},
}

@Book{Heine1984_Gramm,
  title     = {Grammaticalization and reanalysis in {A}frican languages},
  publisher = {Helmut Buske},
  year      = {1984},
  author    = {Heine, Bernd; Reh, Mechtild},
  address   = {Hamburg},
}

@PhdThesis{Hutchinson1976_Kanuri,
  author = {Hutchison, John P.},
  title  = {Aspects of {K}anuri syntax},
  school = {Indiana University},
  year   = {1976},
}

@Book{Hutchinson1981_Kanuri,
  title     = {A reference grammar of the {K}anuri language},
  publisher = {African studies program, University of Wisconsin},
  year      = {1981},
  author    = {Hutchison, John P.},
  address   = {Madison},
}

@PhdThesis{Ikoro1996_Kana,
  author = {Ikoro, Suanu M.},
  title  = {The {K}ana language},
  school = {Rijksuniversiteit te Leiden},
  year   = {1996},
}

@InCollection{Kooyers1974_Washkuk,
  author    = {Kooyers, Orneal},
  title     = {Washkuk grammar sketch},
  booktitle = {Grammatical studies in three languages of {P}apua {N}ew {G}uinea},
  publisher = {Summer Institute of Linguistics},
  year      = {1974},
  address   = {Ukarumpa},
}

@Book{Kratochvil2007_Abui,
  title     = {A grammar of {A}bui: a {P}apuan language of {A}lor},
  publisher = {LOT},
  year      = {2007},
  author    = {Kratochvíl, Franti{š}ek},
  address   = {Utrecht},
}

@Article{Kuno1974_Rel,
  author  = {Kuno, Susumu},
  title   = {The position of relative clauses and conjunctions},
  journal = {Linguistic Inquiry},
  year    = {1974},
  volume  = {5},
  number  = {1},
  pages   = {117--136},
}

@Book{Li1981_Mandarin,
  title     = {Mandarin {C}hinese: {A} functional reference grammar},
  publisher = {University of California Press},
  year      = {1981},
  author    = {Li, Charles N.; Thompson, Sandra A.},
  address   = {Berkeley},
}

@Book{Mous1993_Iraqw,
  title     = {A grammar of {I}raqw},
  publisher = {Helmut Buske},
  year      = {1993},
  author    = {Mous, Marten},
  address   = {Hamburg},
}

@Book{Olawsky1999_Dagbani,
  title     = {Aspects of {D}agbani grammar with special emphasis on phonology and morphology},
  publisher = {Lincom},
  year      = {1999},
  author    = {Olawsky, Knut J.},
  address   = {Munich},
}

@Book{Rennison1997_Koromfe,
  title     = {Koromfe},
  publisher = {Routledge},
  year      = {1997},
  author    = {Rennison, John R.},
  address   = {London; New York},
}

@Unpublished{Rennison2017,
  author = {Rennison, John R.},
  title  = {Koromfe-{E}nglish/{F}rench/{G}erman dictionary},
  month  = {May},
  year   = {2017},
  url    = {https://www.univie.ac.at/linguistics/personal/john/dict_A4.pdf},
}

@InCollection{Ross2002_Jabem,
  author    = {Ross, Malcolm},
  title     = {Jabêm},
  booktitle = {The {Oceanic} languages},
  publisher = {Curzon},
  year      = {2002},
  editor    = {Lynch, John; Ross, Malcolm; Crowley, Terry},
  pages     = {270--296},
  address   = {Richmond},
}

@Book{Solnit1997_Kayah,
  title     = {Eastern {K}ayah {L}i: {G}rammar, texts and glossary},
  publisher = {University of Hawai'i Press},
  year      = {1997},
  author    = {Solnit, David B.},
  address   = {Honululu},
}

@InCollection{Bickel2017_Areas,
  author    = {Bickel, Balthasar},
  title     = {Areas and universals},
  booktitle = {The {Cambridge} handbook of areal linguistics},
  publisher = {Cambridge University Press},
  year      = {2017},
  editor    = {Hickey, Raymond},
  pages     = {40--54},
  address   = {Cambridge},
}

@Book{Hickey2017_Areas,
  title     = {The {Cambridge} handbook of areal linguistics},
  publisher = {Cambridge University Press},
  year      = {2017},
  editor    = {Hickey, Raymond},
  address   = {Cambridge},
}

@Article{Nichols2018_Attr,
  author  = {Nichols, Johanna},
  title   = {Non-linguistic conditions for causativization as a linguistic attractor},
  journal = {Frontiers in Psychology},
  year    = {2018},
  volume  = {8},
  pages   = {2356},
  doi     = {https://doi.org/10.3389/fpsyg.2017.02356},
}

@InCollection{Croft2006_Change,
  author    = {Croft, William},
  title     = {Evolutionary models and functional-typological theories of language change},
  booktitle = {The handbook of the history of {English}},
  publisher = {Blackwell},
  year      = {2006},
  editor    = {van Kemenade, Ans; Los, Bettelou},
  pages     = {68--91},
  address   = {Oxford},
}

@Article{Beckner2009_Const,
  author  = {Beckner, Clay; Bybee, Joan L.},
  title   = {A usage-based account of constituency and reanalysis},
  journal = {Language Learning},
  year    = {2009},
  volume  = {59},
  number  = {1},
  pages   = {27--46},
}

@InCollection{Abraham1997_Asp,
  author    = {Abraham, Werner},
  title     = {The interdependence of case, aspect, and referentiality in the history of {German}: {The} case of the verbal genitive},
  booktitle = {Parameters of morphosyntactic change},
  publisher = {Cambridge University Press},
  year      = {1997},
  editor    = {{van Kemenade}, Ans; Vincent, Nigel},
  pages     = {29--61},
  address   = {Cambridge},
}

@Article{Thompson2016_EvolCog,
  author  = {Thompson, Bill; Kirby, Simon; Smith, Kenny},
  title   = {Culture shapes the evolution of cognition},
  journal = {PNAS},
  year    = {2016},
  volume  = {113},
  number  = {16},
  pages   = {4530–-4535},
  doi     = {doi/10.1073/pnas.1523631113},
}

@Article{Little2017_Dim,
  author  = {Little, Hannah; Eryılmaz, Kerem; {De Boer}, Bart},
  title   = {Signal dimensionality and the emergence of combinatorial structure},
  journal = {Cognition},
  year    = {2017},
  volume  = {168},
  pages   = {1--15},
  doi     = {10.1016/j.cognition.2017.06.011},
}

@InCollection{Moravcsik1993_Gov,
  author    = {Moravcsik, Edith A.},
  title     = {Government},
  booktitle = {Syntax: {Ein} internationales {Handbuch} zeitgenössischer {Forschung}. {Vol.} 1.},
  publisher = {De Gruyter},
  year      = {1993},
  editor    = {Jacobs, Joachim; von Stechow, Armin; Sternefeld, Wolfgang; Vennemann, Theo},
  pages     = {707--721},
  address   = {Berlin},
}

@Article{Fauconnier2014_AO,
  author  = {Fauconnier, Stefanie; Verstraete, Jean-Christophe},
  title   = {A and {O} as each other's mirror image? {Problems} with markedness reversal},
  journal = {Linguistic Typology},
  year    = {2014},
  volume  = {18},
  number  = {1},
  pages   = {3--49},
}

@Article{Jaeger2007_Game,
  author  = {Jäger, Gerhard},
  title   = {Evolutionary game theory and typology: {A} case study},
  journal = {Language},
  year    = {2007},
  volume  = {83},
  number  = {1},
  pages   = {74–-109},
}

@Misc{Plank2002ff_Univ,
  author = {Plank, Frans; Meyer, Thomas; Mayorava, Tatsiana; Filimonova, Elena},
  title  = {The {Universals} {Archive}},
  year   = {2002ff.},
  url    = {http://typo.uni-konstanz.de/archive/},
}

@Book{Handschuh2014_S,
  title     = {A typology of marked-S languages},
  publisher = {Language Science Press},
  year      = {2014},
  author    = {Handschuh, Corinna},
  address   = {Berlin},
}

@Article{Heath2007_Case,
  author  = {Heath, Jeffrey},
  title   = {Bidirectional case-marking and linear adjacency},
  journal = {Natural Language \& Linguistic Theory},
  year    = {2007},
  volume  = {25},
  pages   = {83--101},
}

@InCollection{Hofling2003_PAS,
  author    = {Hofling, Charles},
  title     = {Tracking the deer: {Nominal} reference, parallelism and {Preferred} {Argument} {Structure} in {Itzaj} {Maya} narrative genres},
  booktitle = {Preferred argument structure: {Grammar} as architecture for function},
  publisher = {John Benjamins},
  year      = {2003},
  editor    = {Du Bois, John; Kumpf \& Ashby},
  pages     = {353--384},
  address   = {Amsterdam; Philadelphia},
}

@Article{Iemmolo2010_DOM,
  author  = {Iemmolo, Giorgio},
  title   = {Topicality and differential object marking: {Evidence} from {Romance} and beyond},
  journal = {Studies in Language},
  year    = {2010},
  volume  = {34},
  number  = {2},
  pages   = {239--272},
}

@InCollection{Key2008_Persian,
  author    = {Key, Gregory},
  title     = {Differential object marking in a medieval Persian text},
  booktitle = {Aspects of {Iranian} linguistics},
  publisher = {Cambridge Scholars Publishing},
  year      = {2008},
  editor    = {Karimi, Simin; Samiian, Vida; Stilo, Don},
  pages     = {227--247},
  address   = {Newcastle-upon-Tyne},
}

@InCollection{Kilian-Hatz2006_KhweTop,
  author    = {Kilian-Hatz, Christa},
  title     = {Topic and focus in {Khwe}},
  booktitle = {Focus and topic in {African} languages},
  publisher = {Rüdiger Köppe},
  year      = {2006},
  editor    = {Ermisch, Sonia},
  pages     = {69--90},
  address   = {Cologne},
}

@Book{Matisoff1973_Lahu,
  title     = {The grammar of {Lahu}},
  publisher = {University of California Press},
  year      = {1973},
  author    = {Matisoff, James},
  address   = {Berkeley},
}

@InCollection{Paul2008_Persian,
  author    = {Paul, Ludwig},
  title     = {Some remarks on the {Persian} suffix {\textit{-rā}} as a general and historical linguistic issue},
  booktitle = {Aspects of {Iranian} linguistics},
  publisher = {Cambridge Scholars Publishing},
  year      = {2008},
  editor    = {Karimi, Simin; Samiian, Vida; Stilo, Don},
  pages     = {329--337},
  address   = {Newcastle-upon-Tyne},
}

@Book{Stiebels2002_Arg,
  title     = {Typologie des {Argumentlinkings}: {Ökonomie} und {Expressivität}},
  publisher = {Akademie Verlag},
  year      = {2002},
  author    = {Stiebels, Barbara},
  address   = {Berlin},
}

@Book{Subbarao2012_South,
  title     = {South {Asian} languages: {A} syntactic typology},
  publisher = {Cambridge University Press},
  year      = {2012},
  author    = {Subb\={a}r\={a}o, K\={a}rum\={u}ri V.},
  address   = {Cambridge},
}

@Book{Wheeler1999_Catalan,
  title     = {Catalan: {A} comprehensive grammar},
  publisher = {Routledge},
  year      = {1999},
  author    = {Wheeler, Max W,; Yates, Alan; Dols, Nicolau},
  address   = {London},
}

@Article{Ahn2007_Case,
  author  = {Ahn, Hee Don; Cho, Sung Eun},
  title   = {Subject-object asymmetries of morphological case realization},
  journal = {Language and Information},
  year    = {2007},
  volume  = {11},
  pages   = {53--76},
}

@Book{Asher1997_Malayal,
  title     = {Malayalam},
  publisher = {Routledge},
  year      = {1997},
  author    = {Asher, Ronald E.; Kumari, T.C.},
  address   = {London; New York},
}

@Book{Bisang1992_Verb,
  title     = {Das {Verb} im {Chinesischen}, {Hmong}, {Vietnamesischen}, {Thai} und {Khmer}: {Vergleichende} {Grammatik} im {Rahmen} der {Verbserialisierung}, der {Grammatikalisierung} und der {Attraktorpositionen}},
  publisher = {Narr},
  year      = {1992},
  author    = {Bisang, Walter},
  address   = {Tübingen},
}

@InCollection{Bornkessel-Schlesewsky2015_ScaleRev,
  author    = {Bornkessel-Schlesewsky, Ina; Schlesewsky, Matthias},
  title     = {Scales in real-time language comprehension: {A} review},
  booktitle = {Scales and hierarchies {A} cross-disciplinary perspective},
  publisher = {De Gruyter Mouton},
  year      = {2015},
  editor    = {Bornkessel-Schlesewsky, Ina; Malchukov, Andrej; Richards, Marc D.},
  pages     = {321--352},
  address   = {Berlin; New York},
}

@Article{Coghill2014_DOM,
  author  = {Coghill, Eleanor},
  title   = {Differential object marking in {Neo-Aramaic}},
  journal = {Linguistics},
  year    = {2014},
  volume  = {52},
  number  = {2},
  pages   = {335--364},
}

@InCollection{Comrie1978_Erg,
  author    = {Comrie, Bernard},
  title     = {Ergativity},
  booktitle = {Syntactic typology: {Studies} in the phenomenology of language},
  publisher = {University of Texas Press},
  year      = {1978},
  editor    = {Lehmann, Winfred P.},
  address   = {Austin},
}

@Article{Dahl2000_Ego,
  author  = {Dahl, Östen},
  title   = {Egophoricity in discourse and syntax},
  journal = {Functions of Language},
  year    = {2000},
  volume  = {7},
  pages   = {39--77},
}

@InCollection{Dryer2013_SOV,
  author    = {Dryer, Matthew S.},
  title     = {Order of subject, object and verb},
  booktitle = {The world atlas of language structures online},
  publisher = {Max Planck Institute for Evolutionary Anthropology},
  year      = {2013},
  editor    = {Dryer, Matthew S.; Haspelmath, Martin},
  address   = {Leipzig},
  note      = {accessed 17 May 2018},
  url       = {<http://wals.info/chapter/81A>},
}

@Book{England1983_Mam,
  title     = {A Grammar of {Mam}, a {Mayan} language},
  publisher = {University of Texas Press},
  year      = {1983},
  author    = {England, Nora C.},
  address   = {Austin},
}

@Article{Escandell-Vidal2009_DOM,
  author  = {Escandell-Vidal, Victoria},
  title   = {Differential object marking and topicality. {The} case of {Balearic} {Catalan}},
  journal = {Studies in Language},
  year    = {2009},
  volume  = {33},
  number  = {4},
  pages   = {832--885},
}

@Article{Gerner2008_DOM,
  author  = {Gerner, Matthias},
  title   = {Ambiguity-driven differential object marking in {Yongren} {Lolo}},
  journal = {Lingua},
  year    = {2008},
  volume  = {118},
  pages   = {296--331},
}

@Unpublished{Hammarstroem2015_Order,
  author = {Hammarström, Harald},
  title  = {The basic word order typology: {An} exhaustive study},
  note   = {Paper given at the closing conference of the {Department} of {Linguistics} at the {Max} {Planck} {Institute} for {Evolutionary} {Anthropology} {Leipzig}},
  month  = {May},
  year   = {2015},
  url    = {http://www.eva.mpg.de/fileadmin/content_files/linguistics/conferences/2015-diversity-linguistics/Hammarstroem_slides.pdf (accessed 24 November 2017)},
}

@Article{Maurits2014_Syntax,
  author  = {Maurits, Luke and Griffiths, Thomas L.},
  title   = {Tracing the roots of syntax with {Bayesian} phylogenetics},
  journal = {PNAS},
  year    = {2014},
  volume  = {111},
  number  = {37},
  pages   = {13576--13581},
}

@Book{Dobrovsky1834_Gramm,
  title     = {Grammatika jazyka slavjanskogo po drevnemu narečiju},
  publisher = {Tipografija departamenta narodnogo prosveščenija},
  year      = {1834},
  author    = {Dobrovský, Josef},
  address   = {St.-Peterburg},
}

@InCollection{Dryer2013_Adj,
  author    = {Dryer, Matthew S.},
  title     = {Order of adjective and noun},
  booktitle = {The world atlas of language structures online},
  publisher = {Max Planck Institute for Evolutionary Anthropology},
  year      = {2013},
  editor    = {Dryer, Matthew S.; Haspelmath, Martin},
  address   = {Leipzig},
  note      = {accessed 18 December 2016},
  url       = {<http://wals.info/chapter/87>},
}

@InCollection{Dryer2013_OV,
  author    = {Dryer, Matthew S.},
  title     = {Order of object and verb},
  booktitle = {The world atlas of language structures online},
  publisher = {Max Planck Institute for Evolutionary Anthropology},
  year      = {2013},
  editor    = {Dryer, Matthew S.; Haspelmath, Martin},
  address   = {Leipzig},
  note      = {accessed 12 December 2018},
  url       = {<http://wals.info/chapter/83>},
}

@InCollection{Haspelmath2019_Change,
  author    = {Haspelmath, Martin},
  title     = {Can cross-linguistic regularities be explained by constraints on change?},
  booktitle = {Explanation in typology: {Diachronic} sources, functional motivations and the nature of the evidence},
  publisher = {Language Science Press},
  year      = {2019 (this volume)},
  editor    = {Schmidtke-Bode, Karsten; Levshina, Natalia; Michaelis, Susanne Maria; Seržant, Ilja A.},
  address   = {Berlin},
}

@InCollection{Cristofaro2019_Source,
  author    = {Cristofaro, Sonia},
  title     = {Taking diachronic evidence seriously: {Result}-oriented vs. source-oriented explanations of typological universals},
  booktitle = {Explanation in typology: {Diachronic} sources, functional motivations and the nature of the evidence},
  publisher = {Language Science Press},
  year      = {2019 (this volume)},
  editor    = {Schmidtke-Bode, Karsten; Levshina, Natalia; Michaelis, Susanne Maria; Seržant, Ilja A.},
  address   = {Berlin},
}

@InCollection{Collins2019_Order,
  author    = {Collins, Jeremy},
  title     = {Some language universals are historical accidents},
  booktitle = {Explanation in typology: {Diachronic} sources, functional motivations and the nature of the evidence},
  publisher = {Language Science Press},
  year      = {2019 (this volume)},
  editor    = {Schmidtke-Bode, Karsten; Levshina, Natalia; Michaelis, Susanne Maria; Seržant, Ilja},
  address   = {Berlin},
}

@InCollection{Serzant2019_Weak,
  author    = {Seržant, Ilja A.},
  title     = {Weak universal forces: {The} discriminatory function of case in differential object marking systems},
  booktitle = {Explanation in typology: {Diachronic} sources, functional motivations and the nature of the evidence},
  publisher = {Language Science Press},
  year      = {2019},
  editor    = {Schmidtke-Bode, Karsten; Levshina, Natalia; Michaelis, Susanne Maria; Seržant, Ilja A.},
  address   = {Berlin},
}

@InCollection{Diessel2019_Adv,
  author    = {Diessel, Holger},
  title     = {Preposed adverbial clauses: {Functional} adaptation and diachronic inheritance},
  booktitle = {Explanation in typology: {Diachronic} sources, functional motivations and the nature of the evidence},
  publisher = {Language Science Press},
  year      = {2019 (this volume)},
  editor    = {Schmidtke-Bode, Karsten; Levshina, Natalia; Michaelis, Susanne Maria; Seržant, Ilja A.},
  address   = {Berlin},
}

@InCollection{Dryer2019_Gramm,
  author    = {Dryer, Matthew S.},
  title     = {Grammaticalization accounts of word order correlations},
  booktitle = {Explanation in typology: {Diachronic} sources, functional motivations and the nature of the evidence},
  publisher = {Language Science Press},
  year      = {2019 (this volume)},
  editor    = {Schmidtke-Bode, Karsten; Levshina, Natalia; Michaelis, Susanne Maria; Seržant, Ilja A.},
  address   = {Berlin},
}

@InCollection{Michaelis2019_Poss,
  author    = {Michaelis, Susanne Maria},
  title     = {Support from creole languages for functional adaptation in grammar: {Dependent} and independent possessive person-forms},
  booktitle = {Explanation in typology: {Diachronic} sources, functional motivations and the nature of the evidence},
  publisher = {Language Science Press},
  year      = {2019 (this volume)},
  editor    = {Schmidtke-Bode, Karsten; Levshina, Natalia; Michaelis, Susanne Maria; Seržant, Ilja A.},
  address   = {Berlin},
}

@InCollection{Levshina2019_ALL,
  author    = {Levshina, Natalia},
  title     = {Linguistic {Frankenstein}, or {How} to test universal constraints without real languages},
  booktitle = {Explanation in typology: {Diachronic} sources, functional motivations and the nature of the evidence},
  publisher = {Language Science Press},
  year      = {2019 (this volume)},
  editor    = {Schmidtke-Bode, Karsten; Levshina, Natalia; Michaelis, Susanne Maria; Seržant, Ilja A.},
  address   = {Berlin},
}

@Comment{jabref-meta: databaseType:bibtex;}
